roaster,product_name,origin,roast_type,size,price,hearts,total_reviews,heart_percentage,decaf,blend,single_origin,available_ground,tags,has_reviews,price_numeric,size_oz,price_per_oz
Ladro Roasting,Diablo,Unspecified,Dark Roast,12oz,$20.98 ,446,574,77.7,FALSE,TRUE,FALSE,TRUE,"Dark  Roast, Blend, Available Ground, Featured",TRUE,20.98,12,1.75
Ladro Roasting,Diablo,Unspecified,Dark Roast,80oz,$92.13 ,446,574,77.7,FALSE,TRUE,FALSE,TRUE,"Dark  Roast, Blend, Available Ground, Featured",TRUE,92.13,80,1.15
Tony's Coffee,Cafe Carmelita,Unspecified,Medium Roast,12oz,$12.32 ,370,493,75.1,FALSE,TRUE,FALSE,TRUE,"Medium Roast, Blend, Fair Trade, Organic, Available Ground",TRUE,12.32,12,1.03
Tony's Coffee,Cafe Carmelita,Unspecified,Medium Roast,24oz,$25.20 ,370,493,75.1,FALSE,TRUE,FALSE,TRUE,"Medium Roast, Blend, Fair Trade, Organic, Available Ground",TRUE,25.2,24,1.05
Tony's Coffee,Cafe Carmelita,Unspecified,Medium Roast,80oz,$63.00 ,370,493,75.1,FALSE,TRUE,FALSE,TRUE,"Medium Roast, Blend, Fair Trade, Organic, Available Ground",TRUE,63,80,0.79
Stamp Act Coffee,Milk Money - Seasonal Espresso,Unspecified,Light-Medium Roast,12oz,$15.30 ,362,470,77,FALSE,TRUE,FALSE,FALSE,"Light-Medium Roast, Blend, Espresso",TRUE,15.3,12,1.28
Stamp Act Coffee,Milk Money - Seasonal Espresso,Unspecified,Light-Medium Roast,32oz,$41.40 ,362,470,77,FALSE,TRUE,FALSE,FALSE,"Light-Medium Roast, Blend, Espresso",TRUE,41.4,32,1.29
Stamp Act Coffee,Milk Money - Seasonal Espresso,Unspecified,Light-Medium Roast,80oz,$99.45 ,362,470,77,FALSE,TRUE,FALSE,FALSE,"Light-Medium Roast, Blend, Espresso",TRUE,99.45,80,1.24
Blossom Coffee Roasters,Ethiopia - Ardi - Natural,Ethiopia,Light Roast,32oz,$40.50 ,315,384,82,FALSE,FALSE,TRUE,TRUE,"Light Roast, Ethiopia, Available Ground, Single Origin",TRUE,40.5,32,1.27
Blossom Coffee Roasters,Ethiopia - Ardi - Natural,Ethiopia,Light Roast,80oz,$94.50 ,315,384,82,FALSE,FALSE,TRUE,TRUE,"Light Roast, Ethiopia, Available Ground, Single Origin",TRUE,94.5,80,1.18
Camber Coffee,Big Joy,Guatemala,Medium Roast,12oz,$16.20 ,245,310,79,FALSE,FALSE,TRUE,TRUE,"Medium Roast, Guatemala, Espresso, Direct Trade, Available Ground, Single Origin",TRUE,16.2,12,1.35
Camber Coffee,Big Joy,Guatemala,Medium Roast,32oz,$31.50 ,245,310,79,FALSE,FALSE,TRUE,TRUE,"Medium Roast, Guatemala, Espresso, Direct Trade, Available Ground, Single Origin",TRUE,31.5,32,0.98
Camber Coffee,Big Joy,Guatemala,Medium Roast,80oz,$76.50 ,245,310,79,FALSE,FALSE,TRUE,TRUE,"Medium Roast, Guatemala, Espresso, Direct Trade, Available Ground, Single Origin",TRUE,76.5,80,0.96
Ladro Roasting,Fremont,Unspecified,Medium Roast,12oz,$20.98 ,214,303,70.6,FALSE,TRUE,FALSE,TRUE,"Medium Roast, Blend, Available Ground, Featured",TRUE,20.98,12,1.75
Ladro Roasting,Fremont,Unspecified,Medium Roast,80oz,$92.13 ,214,303,70.6,FALSE,TRUE,FALSE,TRUE,"Medium Roast, Blend, Available Ground, Featured",TRUE,92.13,80,1.15
Caffe Vita,Theo Blend,Unspecified,Medium-Dark Roast,12oz,$16.20 ,154,215,71.6,FALSE,TRUE,FALSE,TRUE,"Medium-Dark Roast, Blend, Organic, Direct Trade, Available Ground, Kosher",TRUE,16.2,12,1.35
Caffe Vita,Theo Blend,Unspecified,Medium-Dark Roast,80oz,$85.50 ,154,215,71.6,FALSE,TRUE,FALSE,TRUE,"Medium-Dark Roast, Blend, Organic, Direct Trade, Available Ground, Kosher",TRUE,85.5,80,1.07
Olympia Coffee Roasting Co.,Big Truck,Unspecified,Medium-Dark Roast,12oz,$16.65 ,148,200,74,FALSE,TRUE,FALSE,FALSE,"Medium-Dark Roast, Blend, Espresso, Direct Trade, Fair Trade",TRUE,16.65,12,1.39
Olympia Coffee Roasting Co.,Big Truck,Unspecified,Medium-Dark Roast,32oz,$42.12 ,148,200,74,FALSE,TRUE,FALSE,FALSE,"Medium-Dark Roast, Blend, Espresso, Direct Trade, Fair Trade",TRUE,42.12,32,1.32
Olympia Coffee Roasting Co.,Big Truck,Unspecified,Medium-Dark Roast,80oz,$99.54 ,148,200,74,FALSE,TRUE,FALSE,FALSE,"Medium-Dark Roast, Blend, Espresso, Direct Trade, Fair Trade",TRUE,99.54,80,1.24
Caffe Vita,Caffe Luna,Unspecified,Dark Roast,12oz,$16.20 ,136,172,79.1,FALSE,TRUE,FALSE,TRUE,"Dark  Roast, Blend, Direct Trade, Featured, Available Ground",TRUE,16.2,12,1.35
Caffe Vita,Caffe Luna,Unspecified,Dark Roast,80oz,$85.50 ,136,172,79.1,FALSE,TRUE,FALSE,TRUE,"Dark  Roast, Blend, Direct Trade, Featured, Available Ground",TRUE,85.5,80,1.07
Blossom Coffee Roasters,Dark Side of the Moon,Unspecified,Dark Roast,12oz,$15.75 ,126,162,77.8,FALSE,TRUE,FALSE,TRUE,"Dark  Roast, Blend, Available Ground",TRUE,15.75,12,1.31
Blossom Coffee Roasters,Dark Side of the Moon,Unspecified,Dark Roast,32oz,$35.10 ,126,162,77.8,FALSE,TRUE,FALSE,TRUE,"Dark  Roast, Blend, Available Ground",TRUE,35.1,32,1.1
Blossom Coffee Roasters,Dark Side of the Moon,Unspecified,Dark Roast,80oz,$79.65 ,126,162,77.8,FALSE,TRUE,FALSE,TRUE,"Dark  Roast, Blend, Available Ground",TRUE,79.65,80,1
Camber Coffee,Skyline Espresso,Unspecified,Medium Roast,12oz,$16.20 ,121,154,78.6,FALSE,TRUE,FALSE,TRUE,"Medium Roast, Blend, Espresso, Direct Trade, Available Ground",TRUE,16.2,12,1.35
Camber Coffee,Skyline Espresso,Unspecified,Medium Roast,32oz,$31.50 ,121,154,78.6,FALSE,TRUE,FALSE,TRUE,"Medium Roast, Blend, Espresso, Direct Trade, Available Ground",TRUE,31.5,32,0.98
Camber Coffee,Skyline Espresso,Unspecified,Medium Roast,80oz,$76.50 ,121,154,78.6,FALSE,TRUE,FALSE,TRUE,"Medium Roast, Blend, Espresso, Direct Trade, Available Ground",TRUE,76.5,80,0.96
Ladro Roasting,Queen Anne,Unspecified,Light Roast,12oz,$20.98 ,120,182,65.9,FALSE,TRUE,FALSE,TRUE,"Light Roast, Blend, Available Ground, Featured",TRUE,20.98,12,1.75
Ladro Roasting,Queen Anne,Unspecified,Light Roast,80oz,$92.13 ,120,182,65.9,FALSE,TRUE,FALSE,TRUE,"Light Roast, Blend, Available Ground, Featured",TRUE,92.13,80,1.15
Blossom Coffee Roasters,Nectar,Unspecified,Light-Medium Roast,12oz,$16.65 ,108,146,74,FALSE,TRUE,FALSE,TRUE,"Light-Medium Roast, Blend, Espresso, Organic, Available Ground",TRUE,16.65,12,1.39
Blossom Coffee Roasters,Nectar,Unspecified,Light-Medium Roast,32oz,$39.15 ,108,146,74,FALSE,TRUE,FALSE,TRUE,"Light-Medium Roast, Blend, Espresso, Organic, Available Ground",TRUE,39.15,32,1.22
Blossom Coffee Roasters,Nectar,Unspecified,Light-Medium Roast,80oz,$81.00 ,108,146,74,FALSE,TRUE,FALSE,TRUE,"Light-Medium Roast, Blend, Espresso, Organic, Available Ground",TRUE,81,80,1.01
Seven Coffee Roasters,Guatemala Trapichitos,Guatemala,Light-Medium Roast,12oz,$15.27 ,106,147,72.1,FALSE,FALSE,TRUE,TRUE,"Light-Medium Roast, Guatemala, Organic, Available Ground, Single Origin",TRUE,15.27,12,1.27
Caffe Vita,Caffe Del Sol,Unspecified,Medium Roast,12oz,$15.30 ,103,134,76.9,FALSE,TRUE,FALSE,TRUE,"Medium Roast, Blend, Espresso, Direct Trade, Available Ground",TRUE,15.3,12,1.28
Caffe Vita,Caffe Del Sol,Unspecified,Medium Roast,80oz,$85.50 ,103,134,76.9,FALSE,TRUE,FALSE,TRUE,"Medium Roast, Blend, Espresso, Direct Trade, Available Ground",TRUE,85.5,80,1.07
Tony's Coffee,Upland,Unspecified,Medium Roast,12oz,$19.66 ,95,140,67.9,FALSE,TRUE,FALSE,TRUE,"Medium Roast, Blend, Fair Trade, Organic, Available Ground",TRUE,19.66,12,1.64
Caffe Vita,Bistro Blend,Unspecified,Medium Roast,12oz,$15.30 ,92,123,74.8,FALSE,TRUE,FALSE,TRUE,"Medium Roast, Blend, Direct Trade, Available Ground",TRUE,15.3,12,1.28
Caffe Vita,Bistro Blend,Unspecified,Medium Roast,80oz,$90.00 ,92,123,74.8,FALSE,TRUE,FALSE,TRUE,"Medium Roast, Blend, Direct Trade, Available Ground",TRUE,90,80,1.12
Seven Coffee Roasters,Mexico Santa Fe,Mexico,Medium Roast,12oz,$15.27 ,90,113,79.6,FALSE,FALSE,TRUE,TRUE,"Medium Roast, Mexico, Organic, Available Ground, Single Origin",TRUE,15.27,12,1.27
Olympia Coffee Roasting Co.,Sweetheart Single Origin Espresso Rotation,Unspecified,Medium Roast,12oz,$18.00 ,90,117,76.9,FALSE,FALSE,TRUE,FALSE,"Medium Roast, Rotating, Espresso, Fair Trade, Direct Trade, Single Origin",TRUE,18,12,1.5
Olympia Coffee Roasting Co.,Sweetheart Single Origin Espresso Rotation,Unspecified,Medium Roast,32oz,$45.45 ,90,117,76.9,FALSE,FALSE,TRUE,FALSE,"Medium Roast, Rotating, Espresso, Fair Trade, Direct Trade, Single Origin",TRUE,45.45,32,1.42
Olympia Coffee Roasting Co.,Sweetheart Single Origin Espresso Rotation,Unspecified,Medium Roast,80oz,$107.10 ,90,117,76.9,FALSE,FALSE,TRUE,FALSE,"Medium Roast, Rotating, Espresso, Fair Trade, Direct Trade, Single Origin",TRUE,107.1,80,1.34
Stamp Act Coffee,Old School - Seasonal Espresso,Unspecified,Medium Roast,12oz,$14.85 ,85,112,75.9,FALSE,TRUE,FALSE,FALSE,"Medium Roast, Blend, Espresso",TRUE,14.85,12,1.24
Stamp Act Coffee,Old School - Seasonal Espresso,Unspecified,Medium Roast,32oz,$37.80 ,85,112,75.9,FALSE,TRUE,FALSE,FALSE,"Medium Roast, Blend, Espresso",TRUE,37.8,32,1.18
Stamp Act Coffee,Old School - Seasonal Espresso,Unspecified,Medium Roast,80oz,$94.95 ,85,112,75.9,FALSE,TRUE,FALSE,FALSE,"Medium Roast, Blend, Espresso",TRUE,94.95,80,1.19
Tony's Coffee,Songbird Blend,Unspecified,Medium-Dark Roast,12oz,$12.32 ,84,128,65.6,FALSE,TRUE,FALSE,TRUE,"Medium-Dark Roast, Blend, Fair Trade, Organic, Available Ground",TRUE,12.32,12,1.03
Tony's Coffee,Songbird Blend,Unspecified,Medium-Dark Roast,24oz,$25.20 ,84,128,65.6,FALSE,TRUE,FALSE,TRUE,"Medium-Dark Roast, Blend, Fair Trade, Organic, Available Ground",TRUE,25.2,24,1.05
Tony's Coffee,Songbird Blend,Unspecified,Medium-Dark Roast,80oz,$63.00 ,84,128,65.6,FALSE,TRUE,FALSE,TRUE,"Medium-Dark Roast, Blend, Fair Trade, Organic, Available Ground",TRUE,63,80,0.79
Tony's Coffee,Sugar Bee Espresso,Unspecified,Medium Roast,12oz,$20.52 ,82,115,71.3,FALSE,TRUE,FALSE,TRUE,"Medium Roast, Blend, Espresso, Available Ground, Featured, Kosher",TRUE,20.52,12,1.71
Caffe Vita,Queen City,Unspecified,Medium-Dark Roast,12oz,$15.75 ,79,107,73.8,FALSE,TRUE,FALSE,TRUE,"Medium-Dark Roast, Blend, Direct Trade, Available Ground",TRUE,15.75,12,1.31
Caffe Vita,Queen City,Unspecified,Medium-Dark Roast,80oz,$85.50 ,79,107,73.8,FALSE,TRUE,FALSE,TRUE,"Medium-Dark Roast, Blend, Direct Trade, Available Ground",TRUE,85.5,80,1.07
Seven Coffee Roasters,Espresso Huli,Unspecified,Dark Roast,12oz,$14.37 ,75,118,63.6,FALSE,TRUE,FALSE,TRUE,"Dark  Roast, Blend, Espresso, Available Ground, Featured",TRUE,14.37,12,1.2
Seven Coffee Roasters,Ethiopia Yirgachefe,Ethiopia,Medium Roast,12oz,$15.27 ,73,99,73.7,FALSE,FALSE,TRUE,TRUE,"Medium Roast, Ethiopia, Direct Trade, Available Ground, Single Origin",TRUE,15.27,12,1.27
Seven Coffee Roasters,Brazil Carmo De Minas,Brazil,Medium Roast,12oz,$15.27 ,71,99,71.7,FALSE,FALSE,TRUE,TRUE,"Medium Roast, Brazil, Direct Trade, Available Ground, Single Origin",TRUE,15.27,12,1.27
Blossom Coffee Roasters,Espresso Velluto Organic,Unspecified,Light-Medium Roast,12oz,$15.53 ,69,100,69,FALSE,TRUE,FALSE,TRUE,"Light-Medium Roast, Blend, Espresso, Organic, Available Ground",TRUE,15.53,12,1.29
Blossom Coffee Roasters,Espresso Velluto Organic,Unspecified,Light-Medium Roast,32oz,$34.20 ,69,100,69,FALSE,TRUE,FALSE,TRUE,"Light-Medium Roast, Blend, Espresso, Organic, Available Ground",TRUE,34.2,32,1.07
Blossom Coffee Roasters,Espresso Velluto Organic,Unspecified,Light-Medium Roast,80oz,$79.65 ,69,100,69,FALSE,TRUE,FALSE,TRUE,"Light-Medium Roast, Blend, Espresso, Organic, Available Ground",TRUE,79.65,80,1
Blossom Coffee Roasters,First Light Breakfast Blend,Unspecified,Medium Roast,12oz,$15.75 ,69,92,75,FALSE,TRUE,FALSE,TRUE,"Medium Roast, Blend, Available Ground",TRUE,15.75,12,1.31
Blossom Coffee Roasters,First Light Breakfast Blend,Unspecified,Medium Roast,32oz,$34.20 ,69,92,75,FALSE,TRUE,FALSE,TRUE,"Medium Roast, Blend, Available Ground",TRUE,34.2,32,1.07
Blossom Coffee Roasters,First Light Breakfast Blend,Unspecified,Medium Roast,80oz,$79.20 ,69,92,75,FALSE,TRUE,FALSE,TRUE,"Medium Roast, Blend, Available Ground",TRUE,79.2,80,0.99
Olympia Coffee Roasting Co.,Morning Sun,El Salvador,Medium-Dark Roast,12oz,$15.75 ,68,94,72.3,FALSE,FALSE,TRUE,FALSE,"Medium-Dark Roast, El Salvador, Direct Trade, Fair Trade, Single Origin",TRUE,15.75,12,1.31
Olympia Coffee Roasting Co.,Morning Sun,El Salvador,Medium-Dark Roast,32oz,$39.87 ,68,94,72.3,FALSE,FALSE,TRUE,FALSE,"Medium-Dark Roast, El Salvador, Direct Trade, Fair Trade, Single Origin",TRUE,39.87,32,1.25
Olympia Coffee Roasting Co.,Morning Sun,El Salvador,Medium-Dark Roast,80oz,$94.14 ,68,94,72.3,FALSE,FALSE,TRUE,FALSE,"Medium-Dark Roast, El Salvador, Direct Trade, Fair Trade, Single Origin",TRUE,94.14,80,1.18
Olympia Coffee Roasting Co.,Morning Sun,El Salvador,Medium-Dark Roast,80oz,$94.14 ,68,94,72.3,FALSE,FALSE,TRUE,FALSE,"Medium-Dark Roast, El Salvador, Direct Trade, Fair Trade, Single Origin",TRUE,94.14,80,1.18
Tony's Coffee,Espresso Noir,Unspecified,Dark Roast,12oz,$12.32 ,63,93,67.7,FALSE,TRUE,FALSE,TRUE,"Dark  Roast, Blend, Espresso, Fair Trade, Organic, Available Ground",TRUE,12.32,12,1.03
Tony's Coffee,Espresso Noir,Unspecified,Dark Roast,24oz,$25.20 ,63,93,67.7,FALSE,TRUE,FALSE,TRUE,"Dark  Roast, Blend, Espresso, Fair Trade, Organic, Available Ground",TRUE,25.2,24,1.05
Tony's Coffee,Espresso Noir,Unspecified,Dark Roast,80oz,$63.00 ,63,93,67.7,FALSE,TRUE,FALSE,TRUE,"Dark  Roast, Blend, Espresso, Fair Trade, Organic, Available Ground",TRUE,63,80,0.79
Olympia Coffee Roasting Co.,Little Buddy,Unspecified,Light Roast,12oz,$19.80 ,60,97,61.9,FALSE,TRUE,FALSE,FALSE,"Light Roast, Blend, Espresso, Direct Trade, Fair Trade",TRUE,19.8,12,1.65
Olympia Coffee Roasting Co.,Little Buddy,Unspecified,Light Roast,32oz,$49.23 ,60,97,61.9,FALSE,TRUE,FALSE,FALSE,"Light Roast, Blend, Espresso, Direct Trade, Fair Trade",TRUE,49.23,32,1.54
Olympia Coffee Roasting Co.,Little Buddy,Unspecified,Light Roast,80oz,$114.03 ,60,97,61.9,FALSE,TRUE,FALSE,FALSE,"Light Roast, Blend, Espresso, Direct Trade, Fair Trade",TRUE,114.03,80,1.43
Tonys Coffee,Coffeehouse Blend,Unspecified,Dark Roast,12oz,$12.32 ,56,74,75.7,FALSE,TRUE,FALSE,TRUE,"Dark  Roast, Blend, Available Ground",TRUE,12.32,12,1.03
Tonys Coffee,Coffeehouse Blend,Unspecified,Dark Roast,80oz,$59.39 ,56,74,75.7,FALSE,TRUE,FALSE,TRUE,"Dark  Roast, Blend, Available Ground",TRUE,59.39,80,0.74
Anchorhead Coffee,Narwhal Blend,Unspecified,Medium Roast,10oz,$13.50 ,50,74,67.6,FALSE,TRUE,FALSE,FALSE,"Medium Roast, Blend, Direct Trade",TRUE,13.5,10,1.35
Anchorhead Coffee,Narwhal Blend,Unspecified,Medium Roast,32oz,$36.00 ,50,74,67.6,FALSE,TRUE,FALSE,FALSE,"Medium Roast, Blend, Direct Trade",TRUE,36,32,1.12
Camber Coffee,Moonrise Blend,Unspecified,Light Roast,12oz,$19.80 ,43,58,74.1,FALSE,TRUE,FALSE,TRUE,"Light Roast, Blend, Available Ground",TRUE,19.8,12,1.65
Camber Coffee,Moonrise Blend,Unspecified,Light Roast,32oz,$41.40 ,43,58,74.1,FALSE,TRUE,FALSE,TRUE,"Light Roast, Blend, Available Ground",TRUE,41.4,32,1.29
Camber Coffee,Moonrise Blend,Unspecified,Light Roast,80oz,$99.00 ,43,58,74.1,FALSE,TRUE,FALSE,TRUE,"Light Roast, Blend, Available Ground",TRUE,99,80,1.24
Stamp Act Coffee,Regina - A Custom Blend,Unspecified,Light-Medium Roast,12oz,$16.65 ,43,54,79.6,FALSE,TRUE,FALSE,FALSE,"Light-Medium Roast, Blend",TRUE,16.65,12,1.39
Kuma Coffee Roasters,Ethiopia Guji,Ethiopia,Light-Medium Roast,12oz,$22.07 ,39,53,73.6,FALSE,FALSE,TRUE,FALSE,"Light-Medium Roast, Ethiopia, Single Origin",TRUE,22.07,12,1.84
Caffe Vita,Organic French,Unspecified,Unspecified,12oz,$17.10 ,38,48,79.2,FALSE,TRUE,FALSE,TRUE,"French  Roast, Blend, Organic, Direct Trade, Available Ground, Kosher",TRUE,17.1,12,1.43
Caffe Vita,Organic French,Unspecified,Unspecified,80oz,$85.50 ,38,48,79.2,FALSE,TRUE,FALSE,TRUE,"French  Roast, Blend, Organic, Direct Trade, Available Ground, Kosher",TRUE,85.5,80,1.07
Tonys Coffee,Snow Joe,Unspecified,Medium Roast,12oz,$22.75 ,38,51,74.5,FALSE,TRUE,FALSE,TRUE,"Medium Roast, Blend, Fair Trade, Organic, Available Ground, Holiday, Kosher",TRUE,22.75,12,1.9
Tonys Coffee,Snow Joe,Unspecified,Medium Roast,80oz,$103.75 ,38,51,74.5,FALSE,TRUE,FALSE,TRUE,"Medium Roast, Blend, Fair Trade, Organic, Available Ground, Holiday, Kosher",TRUE,103.75,80,1.3
Blossom Coffee Roasters,French Roast Blend,Unspecified,Unspecified,12oz,$16.20 ,37,66,56.1,FALSE,TRUE,FALSE,TRUE,"French  Roast, Blend, Organic, Available Ground",TRUE,16.2,12,1.35
Blossom Coffee Roasters,French Roast Blend,Unspecified,Unspecified,32oz,$33.75 ,37,66,56.1,FALSE,TRUE,FALSE,TRUE,"French  Roast, Blend, Organic, Available Ground",TRUE,33.75,32,1.05
Blossom Coffee Roasters,French Roast Blend,Unspecified,Unspecified,80oz,$79.20 ,37,66,56.1,FALSE,TRUE,FALSE,TRUE,"French  Roast, Blend, Organic, Available Ground",TRUE,79.2,80,0.99
Tonys Coffee,Peru Pangoa,Peru,Medium Roast,12oz,$12.60 ,36,46,78.3,FALSE,FALSE,TRUE,TRUE,"Medium Roast, Peru, Fair Trade, Organic, Shade Grown, Available Ground, Single Origin, Kosher",TRUE,12.6,12,1.05
Tonys Coffee,Peru Pangoa,Peru,Medium Roast,80oz,$67.50 ,36,46,78.3,FALSE,FALSE,TRUE,TRUE,"Medium Roast, Peru, Fair Trade, Organic, Shade Grown, Available Ground, Single Origin, Kosher",TRUE,67.5,80,0.84
Anchorhead Coffee,Costa Rica El Cedral,Costa Rica,Light-Medium Roast,10oz,$21.60 ,36,44,81.8,FALSE,FALSE,TRUE,FALSE,"Light-Medium Roast, Costa Rica, Single Origin",TRUE,21.6,10,2.16
Anchorhead Coffee,Costa Rica El Cedral,Costa Rica,Light-Medium Roast,32oz,$58.50 ,36,44,81.8,FALSE,FALSE,TRUE,FALSE,"Light-Medium Roast, Costa Rica, Single Origin",TRUE,58.5,32,1.83
Blossom Coffee Roasters,Deja Vu,Unspecified,Medium-Dark Roast,12oz,$15.30 ,35,49,71.4,FALSE,TRUE,FALSE,TRUE,"Medium-Dark Roast, Blend, Organic, Available Ground",TRUE,15.3,12,1.28
Blossom Coffee Roasters,Deja Vu,Unspecified,Medium-Dark Roast,32oz,$33.75 ,35,49,71.4,FALSE,TRUE,FALSE,TRUE,"Medium-Dark Roast, Blend, Organic, Available Ground",TRUE,33.75,32,1.05
Blossom Coffee Roasters,Deja Vu,Unspecified,Medium-Dark Roast,80oz,$79.20 ,35,49,71.4,FALSE,TRUE,FALSE,TRUE,"Medium-Dark Roast, Blend, Organic, Available Ground",TRUE,79.2,80,0.99
Anchorhead Coffee,Leviathan (Espresso Blend),Unspecified,Light Roast,10oz,$13.50 ,33,53,62.3,FALSE,TRUE,FALSE,FALSE,"Light Roast, Blend, Espresso, Direct Trade",TRUE,13.5,10,1.35
Anchorhead Coffee,Leviathan (Espresso Blend),Unspecified,Light Roast,32oz,$36.00 ,33,53,62.3,FALSE,TRUE,FALSE,FALSE,"Light Roast, Blend, Espresso, Direct Trade",TRUE,36,32,1.12
Caffe Vita,Organic Espresso,Unspecified,Medium Roast,12oz,$16.20 ,33,49,67.3,FALSE,TRUE,FALSE,TRUE,"Medium Roast, Blend, Espresso, Direct Trade, Organic, Available Ground",TRUE,16.2,12,1.35
Caffe Vita,Organic Espresso,Unspecified,Medium Roast,80oz,$85.50 ,33,49,67.3,FALSE,TRUE,FALSE,TRUE,"Medium Roast, Blend, Espresso, Direct Trade, Organic, Available Ground",TRUE,85.5,80,1.07
Tonys Coffee,Espresso Classico,Unspecified,Medium Roast,12oz,$12.32 ,32,45,71.1,FALSE,TRUE,FALSE,TRUE,"Medium Roast, Blend, Espresso, Available Ground",TRUE,12.32,12,1.03
Tonys Coffee,Espresso Classico,Unspecified,Medium Roast,80oz,$58.50 ,32,45,71.1,FALSE,TRUE,FALSE,TRUE,"Medium Roast, Blend, Espresso, Available Ground",TRUE,58.5,80,0.73
Tonys Coffee,Cafe Carmelita Decaf,Unspecified,Medium Roast,12oz,$14.39 ,32,39,82.1,TRUE,TRUE,FALSE,TRUE,"Medium Roast, Blend, Decaf, Fair Trade, Organic, Available Ground",TRUE,14.39,12,1.2
Tonys Coffee,Cafe Carmelita Decaf,Unspecified,Medium Roast,24oz,$26.10 ,32,39,82.1,TRUE,TRUE,FALSE,TRUE,"Medium Roast, Blend, Decaf, Fair Trade, Organic, Available Ground",TRUE,26.1,24,1.09
Tonys Coffee,Cafe Carmelita Decaf,Unspecified,Medium Roast,80oz,$67.50 ,32,39,82.1,TRUE,TRUE,FALSE,TRUE,"Medium Roast, Blend, Decaf, Fair Trade, Organic, Available Ground",TRUE,67.5,80,0.84
Tony's Coffee,French Royale,Unspecified,Dark Roast,12oz,$12.32 ,31,41,75.6,FALSE,TRUE,FALSE,TRUE,"Dark  Roast, Blend, Fair Trade, Organic, Available Ground, Featured",TRUE,12.32,12,1.03
Tony's Coffee,French Royale,Unspecified,Dark Roast,80oz,$63.00 ,31,41,75.6,FALSE,TRUE,FALSE,TRUE,"Dark  Roast, Blend, Fair Trade, Organic, Available Ground, Featured",TRUE,63,80,0.79
Stamp Act Coffee,Mwendi Wega AA - Kenya,Kenya,Light Roast,32oz,$53.46 ,29,35,82.9,FALSE,FALSE,TRUE,FALSE,"Light Roast, Kenya, Single Origin",TRUE,53.46,32,1.67
Stamp Act Coffee,Mwendi Wega AA - Kenya,Kenya,Light Roast,80oz,$126.23 ,29,35,82.9,FALSE,FALSE,TRUE,FALSE,"Light Roast, Kenya, Single Origin",TRUE,126.23,80,1.58
Blossom Coffee Roasters,Ratu Ketiara Women's Cooperative,Unspecified,Medium Roast,12oz,$17.55 ,27,38,71.1,FALSE,FALSE,TRUE,TRUE,"Medium Roast, Sumatra, Fair Trade, Organic, Available Ground, Single Origin",TRUE,17.55,12,1.46
Blossom Coffee Roasters,Ratu Ketiara Women's Cooperative,Unspecified,Medium Roast,32oz,$37.80 ,27,38,71.1,FALSE,FALSE,TRUE,TRUE,"Medium Roast, Sumatra, Fair Trade, Organic, Available Ground, Single Origin",TRUE,37.8,32,1.18
Blossom Coffee Roasters,Ratu Ketiara Women's Cooperative,Unspecified,Medium Roast,80oz,$82.80 ,27,38,71.1,FALSE,FALSE,TRUE,TRUE,"Medium Roast, Sumatra, Fair Trade, Organic, Available Ground, Single Origin",TRUE,82.8,80,1.03
Seven Coffee Roasters,Sumatra Mandheling Old School,Unspecified,Medium Roast,12oz,$15.27 ,24,37,64.9,FALSE,FALSE,TRUE,TRUE,"Medium Roast, Sumatra, Available Ground, Single Origin",TRUE,15.27,12,1.27
Tonys Coffee,Sumatra,Unspecified,Medium Roast,12oz,$12.59 ,22,30,73.3,FALSE,FALSE,TRUE,TRUE,"Medium Roast, Sumatra, Fair Trade, Organic, Shade Grown, Available Ground, Single Origin, Kosher",TRUE,12.59,12,1.05
Tonys Coffee,Sumatra,Unspecified,Medium Roast,80oz,$63.00 ,22,30,73.3,FALSE,FALSE,TRUE,TRUE,"Medium Roast, Sumatra, Fair Trade, Organic, Shade Grown, Available Ground, Single Origin, Kosher",TRUE,63,80,0.79
Kuma Coffee Roasters,Classic,Unspecified,Medium Roast,12oz,$20.86 ,22,29,75.9,FALSE,TRUE,FALSE,FALSE,"Medium Roast, Blend",TRUE,20.86,12,1.74
Victrola,Triborough Blend,Unspecified,Medium-Dark Roast,12oz,$13.95 ,21,27,77.8,FALSE,TRUE,FALSE,FALSE,"Medium-Dark Roast, Blend, Espresso",TRUE,13.95,12,1.16
Caffe Vita,Novacella Decaf,Colombia,Medium-Dark Roast,12oz,$16.20 ,19,22,86.4,TRUE,FALSE,TRUE,TRUE,"Medium-Dark Roast, Colombia, Decaf, Direct Trade, Available Ground, Single Origin",TRUE,16.2,12,1.35
Caffe Vita,Novacella Decaf,Colombia,Medium-Dark Roast,80oz,$85.50 ,19,22,86.4,TRUE,FALSE,TRUE,TRUE,"Medium-Dark Roast, Colombia, Decaf, Direct Trade, Available Ground, Single Origin",TRUE,85.5,80,1.07
Blossom Coffee Roasters,Decaf Ethiopia,Ethiopia,Medium Roast,12oz,$19.35 ,19,22,86.4,TRUE,FALSE,TRUE,TRUE,"Medium Roast, Ethiopia, Decaf, Organic, Available Ground, Single Origin",TRUE,19.35,12,1.61
Blossom Coffee Roasters,Decaf Ethiopia,Ethiopia,Medium Roast,32oz,$43.20 ,19,22,86.4,TRUE,FALSE,TRUE,TRUE,"Medium Roast, Ethiopia, Decaf, Organic, Available Ground, Single Origin",TRUE,43.2,32,1.35
Blossom Coffee Roasters,Decaf Ethiopia,Ethiopia,Medium Roast,80oz,$94.50 ,19,22,86.4,TRUE,FALSE,TRUE,TRUE,"Medium Roast, Ethiopia, Decaf, Organic, Available Ground, Single Origin",TRUE,94.5,80,1.18
Victrola,Streamline Espresso Blend,Unspecified,Medium Roast,12oz,$13.46 ,17,26,65.4,FALSE,TRUE,FALSE,FALSE,"Medium Roast, Blend, Espresso",TRUE,13.46,12,1.12
Camber Coffee,Goodnight Moon Decaf,Unspecified,Medium Roast,12oz,$17.10 ,16,27,59.3,TRUE,FALSE,TRUE,TRUE,"Medium Roast, Rotating, Decaf, Direct Trade, Available Ground, Single Origin",TRUE,17.1,12,1.43
Camber Coffee,Goodnight Moon Decaf,Unspecified,Medium Roast,32oz,$31.50 ,16,27,59.3,TRUE,FALSE,TRUE,TRUE,"Medium Roast, Rotating, Decaf, Direct Trade, Available Ground, Single Origin",TRUE,31.5,32,0.98
Camber Coffee,Goodnight Moon Decaf,Unspecified,Medium Roast,80oz,$76.50 ,16,27,59.3,TRUE,FALSE,TRUE,TRUE,"Medium Roast, Rotating, Decaf, Direct Trade, Available Ground, Single Origin",TRUE,76.5,80,0.96
Tonys Coffee,Mexico Chiapas,Mexico,Medium Roast,12oz,$16.20 ,15,23,65.2,FALSE,FALSE,TRUE,TRUE,"Medium Roast, Mexico, Fair Trade, Organic, Available Ground, Kosher, Single Origin",TRUE,16.2,12,1.35
Tonys Coffee,Mexico Chiapas,Mexico,Medium Roast,80oz,$74.70 ,15,23,65.2,FALSE,FALSE,TRUE,TRUE,"Medium Roast, Mexico, Fair Trade, Organic, Available Ground, Kosher, Single Origin",TRUE,74.7,80,0.93
Victrola,Empire Blend,Unspecified,Medium Roast,12oz,$13.46 ,15,24,62.5,FALSE,TRUE,FALSE,FALSE,"Medium Roast, Blend",TRUE,13.46,12,1.12
Kuma Coffee Roasters,Bright Blend,Unspecified,Light-Medium Roast,12oz,$20.86 ,15,19,78.9,FALSE,TRUE,FALSE,FALSE,"Light-Medium Roast, Blend",TRUE,20.86,12,1.74
Seven Coffee Roasters,Pano Hawaiian Blend,Unspecified,Dark Roast,12oz,$17.98 ,14,20,70,FALSE,TRUE,FALSE,TRUE,"Dark  Roast, Blend, Available Ground",TRUE,17.98,12,1.5
Kuma Coffee Roasters,Sun Bear,Unspecified,Light-Medium Roast,12oz,$20.86 ,14,20,70,FALSE,TRUE,FALSE,FALSE,"Light-Medium Roast, Blend",TRUE,20.86,12,1.74
Caffe Vita,Organic Sumatra Gayo River,Unspecified,Medium-Dark Roast,12oz,$16.20 ,13,29,44.8,FALSE,FALSE,TRUE,TRUE,"Medium-Dark Roast, Sumatra, Organic, Available Ground, Single Origin",TRUE,16.2,12,1.35
Caffe Vita,Organic Sumatra Gayo River,Unspecified,Medium-Dark Roast,80oz,$85.50 ,13,29,44.8,FALSE,FALSE,TRUE,TRUE,"Medium-Dark Roast, Sumatra, Organic, Available Ground, Single Origin",TRUE,85.5,80,1.07
Tonys Coffee,Pacific Decaf,Unspecified,Dark Roast,12oz,$14.39 ,13,21,61.9,TRUE,TRUE,FALSE,TRUE,"Dark  Roast, Blend, Decaf, Fair Trade, Organic, Available Ground",TRUE,14.39,12,1.2
Tonys Coffee,Pacific Decaf,Unspecified,Dark Roast,80oz,$67.50 ,13,21,61.9,TRUE,TRUE,FALSE,TRUE,"Dark  Roast, Blend, Decaf, Fair Trade, Organic, Available Ground",TRUE,67.5,80,0.84
Seven Coffee Roasters,Roasters Choice,Unspecified,Dark Roast,12oz,$14.37 ,13,25,52,FALSE,TRUE,FALSE,TRUE,"Dark  Roast, Blend, Espresso, Available Ground",TRUE,14.37,12,1.2
Stamp Act Coffee,"Santiago Atitlan - Oaxaca, Mexico",Mexico,Light-Medium Roast,12oz,$19.80 ,13,16,81.2,FALSE,FALSE,TRUE,FALSE,"Light-Medium Roast, Mexico, Single Origin",TRUE,19.8,12,1.65
Stamp Act Coffee,"Santiago Atitlan - Oaxaca, Mexico",Mexico,Light-Medium Roast,32oz,$44.55 ,13,16,81.2,FALSE,FALSE,TRUE,FALSE,"Light-Medium Roast, Mexico, Single Origin",TRUE,44.55,32,1.39
Stamp Act Coffee,"Santiago Atitlan - Oaxaca, Mexico",Mexico,Light-Medium Roast,80oz,$121.50 ,13,16,81.2,FALSE,FALSE,TRUE,FALSE,"Light-Medium Roast, Mexico, Single Origin",TRUE,121.5,80,1.52
Victrola Coffee Roasters,Big Band Blend,Unspecified,Dark Roast,12oz,$13.46 ,12,18,66.7,FALSE,TRUE,FALSE,FALSE,"Dark  Roast, Blend",TRUE,13.46,12,1.12
Seven Coffee Roasters,Diner Blend,Unspecified,Medium Roast,12oz,$15.27 ,11,19,57.9,FALSE,TRUE,FALSE,TRUE,"Medium Roast, Blend, Available Ground",TRUE,15.27,12,1.27
Olympia Coffee Roasting Co.,Decaf Asterisk,Colombia,Unspecified,12oz,$19.80 ,10,12,83.3,TRUE,FALSE,TRUE,FALSE,"Rotating Roast, Colombia, Decaf, Fair Trade, Single Origin",TRUE,19.8,12,1.65
Olympia Coffee Roasting Co.,Decaf Asterisk,Colombia,Unspecified,32oz,$50.49 ,10,12,83.3,TRUE,FALSE,TRUE,FALSE,"Rotating Roast, Colombia, Decaf, Fair Trade, Single Origin",TRUE,50.49,32,1.58
Olympia Coffee Roasting Co.,Decaf Asterisk,Colombia,Unspecified,80oz,$120.02 ,10,12,83.3,TRUE,FALSE,TRUE,FALSE,"Rotating Roast, Colombia, Decaf, Fair Trade, Single Origin",TRUE,120.02,80,1.5
Stamp Act Coffee,"Kayon Mountain, Guji Ethiopia - Natural",Ethiopia,Light Roast,12oz,$19.35 ,10,10,100,FALSE,FALSE,TRUE,FALSE,"Light Roast, Ethiopia, Organic, Single Origin",TRUE,19.35,12,1.61
Stamp Act Coffee,"Kayon Mountain, Guji Ethiopia - Natural",Ethiopia,Light Roast,32oz,$44.10 ,10,10,100,FALSE,FALSE,TRUE,FALSE,"Light Roast, Ethiopia, Organic, Single Origin",TRUE,44.1,32,1.38
Stamp Act Coffee,"Kayon Mountain, Guji Ethiopia - Natural",Ethiopia,Light Roast,80oz,$111.60 ,10,10,100,FALSE,FALSE,TRUE,FALSE,"Light Roast, Ethiopia, Organic, Single Origin",TRUE,111.6,80,1.4
Caffe Vita,Organic Decaf,Unspecified,Medium-Dark Roast,12oz,$17.10 ,7,10,70,TRUE,FALSE,TRUE,TRUE,"Medium-Dark Roast, Rotating, Decaf, Organic, Available Ground, Single Origin",TRUE,17.1,12,1.43
Caffe Vita,Organic Decaf,Unspecified,Medium-Dark Roast,80oz,$90.00 ,7,10,70,TRUE,FALSE,TRUE,TRUE,"Medium-Dark Roast, Rotating, Decaf, Organic, Available Ground, Single Origin",TRUE,90,80,1.12
Anchorhead Coffee,Decaf Colombia Excelso,Colombia,Medium Roast,10oz,$13.50 ,7,8,87.5,TRUE,FALSE,TRUE,FALSE,"Medium Roast, Colombia, Decaf, Direct Trade, Single Origin",TRUE,13.5,10,1.35
Anchorhead Coffee,Decaf Colombia Excelso,Colombia,Medium Roast,32oz,$36.00 ,7,8,87.5,TRUE,FALSE,TRUE,FALSE,"Medium Roast, Colombia, Decaf, Direct Trade, Single Origin",TRUE,36,32,1.12
Seven Coffee Roasters,Decaf Brazil Cerrado,Unspecified,Medium Roast,12oz,$15.27 ,7,12,58.3,TRUE,TRUE,FALSE,TRUE,"Medium Roast, Blend, Decaf, Available Ground",TRUE,15.27,12,1.27
Blossom Coffee Roasters,Dilworth Decaf,Unspecified,Medium-Dark Roast,12oz,$16.65 ,6,11,54.5,TRUE,TRUE,FALSE,TRUE,"Medium-Dark Roast, Blend, Decaf, Fair Trade, Organic, Available Ground",TRUE,16.65,12,1.39
Blossom Coffee Roasters,Dilworth Decaf,Unspecified,Medium-Dark Roast,32oz,$39.15 ,6,11,54.5,TRUE,TRUE,FALSE,TRUE,"Medium-Dark Roast, Blend, Decaf, Fair Trade, Organic, Available Ground",TRUE,39.15,32,1.22
Blossom Coffee Roasters,Dilworth Decaf,Unspecified,Medium-Dark Roast,80oz,$81.00 ,6,11,54.5,TRUE,TRUE,FALSE,TRUE,"Medium-Dark Roast, Blend, Decaf, Fair Trade, Organic, Available Ground",TRUE,81,80,1.01
Caffe Vita,Nor'Wester,Unspecified,Light-Medium Roast,12oz,$17.10 ,6,11,54.5,FALSE,TRUE,FALSE,TRUE,"Light-Medium Roast, Blend, Available Ground, Kosher",TRUE,17.1,12,1.43
Caffe Vita,Nor'Wester,Unspecified,Light-Medium Roast,80oz,$90.00 ,6,11,54.5,FALSE,TRUE,FALSE,TRUE,"Light-Medium Roast, Blend, Available Ground, Kosher",TRUE,90,80,1.12
Stamp Act Coffee,"Mafafas - Veracruz, Mexico",Mexico,Light-Medium Roast,12oz,$18.00 ,6,8,75,FALSE,FALSE,TRUE,FALSE,"Light-Medium Roast, Mexico, Single Origin",TRUE,18,12,1.5
Stamp Act Coffee,"Mafafas - Veracruz, Mexico",Mexico,Light-Medium Roast,32oz,$43.88 ,6,8,75,FALSE,FALSE,TRUE,FALSE,"Light-Medium Roast, Mexico, Single Origin",TRUE,43.88,32,1.37
Stamp Act Coffee,"Mafafas - Veracruz, Mexico",Mexico,Light-Medium Roast,80oz,$106.88 ,6,8,75,FALSE,FALSE,TRUE,FALSE,"Light-Medium Roast, Mexico, Single Origin",TRUE,106.88,80,1.34
Olympia Coffee Roasting Co,Northwesterly Blend,Unspecified,Medium-Dark Roast,12oz,$18.00 ,5,8,62.5,FALSE,TRUE,FALSE,FALSE,"Medium-Dark Roast, Blend",TRUE,18,12,1.5
Olympia Coffee Roasting Co,Northwesterly Blend,Unspecified,Medium-Dark Roast,32oz,$43.99 ,5,8,62.5,FALSE,TRUE,FALSE,FALSE,"Medium-Dark Roast, Blend",TRUE,43.99,32,1.37
Olympia Coffee Roasting Co,Northwesterly Blend,Unspecified,Medium-Dark Roast,80oz,$94.14 ,5,8,62.5,FALSE,TRUE,FALSE,FALSE,"Medium-Dark Roast, Blend",TRUE,94.14,80,1.18
Victrola Coffee Roasters,Peru Chirinos,Peru,Light Roast,12oz,$21.60 ,4,4,100,FALSE,FALSE,TRUE,FALSE,"Light Roast, Peru, Single Origin",TRUE,21.6,12,1.8
Victrola Coffee Roasters,Deco Decaf Blend,Unspecified,Medium-Dark Roast,12oz,$14.36 ,3,4,75,TRUE,TRUE,FALSE,FALSE,"Medium-Dark Roast, Blend, Decaf, Organic",TRUE,14.36,12,1.2
Camber Coffee,Struttura,Unspecified,Medium Roast,12oz,$21.60 ,3,4,75,FALSE,TRUE,FALSE,TRUE,"Medium Roast, Blend, Espresso, Available Ground",TRUE,21.6,12,1.8
Camber Coffee,Struttura,Unspecified,Medium Roast,32oz,$50.40 ,3,4,75,FALSE,TRUE,FALSE,TRUE,"Medium Roast, Blend, Espresso, Available Ground",TRUE,50.4,32,1.57
Camber Coffee,Struttura,Unspecified,Medium Roast,80oz,$112.50 ,3,4,75,FALSE,TRUE,FALSE,TRUE,"Medium Roast, Blend, Espresso, Available Ground",TRUE,112.5,80,1.41
Stamp Act Coffee,"Diego Ramirez - Huehuetenango, Guatemala",Guatemala,Light-Medium Roast,12oz,$21.60 ,3,4,75,FALSE,FALSE,TRUE,FALSE,"Light-Medium Roast, Guatemala, Single Origin",TRUE,21.6,12,1.8
Stamp Act Coffee,"Diego Ramirez - Huehuetenango, Guatemala",Guatemala,Light-Medium Roast,32oz,$51.84 ,3,4,75,FALSE,FALSE,TRUE,FALSE,"Light-Medium Roast, Guatemala, Single Origin",TRUE,51.84,32,1.62
Stamp Act Coffee,"Diego Ramirez - Huehuetenango, Guatemala",Guatemala,Light-Medium Roast,80oz,$129.60 ,3,4,75,FALSE,FALSE,TRUE,FALSE,"Light-Medium Roast, Guatemala, Single Origin",TRUE,129.6,80,1.62
Tonys Coffee,Half Calf,Unspecified,Medium Roast,12oz,$17.10 ,2,4,50,TRUE,TRUE,FALSE,TRUE,"Medium Roast, Blend, Organic, Half Decaf - Half Regular, Available Ground",TRUE,17.1,12,1.43
Tonys Coffee,Half Calf,Unspecified,Medium Roast,80oz,$63.00 ,2,4,50,TRUE,TRUE,FALSE,TRUE,"Medium Roast, Blend, Organic, Half Decaf - Half Regular, Available Ground",TRUE,63,80,0.79
Tonys Coffee,Small Farms,Unspecified,Light-Medium Roast,12oz,$16.20 ,2,5,40,FALSE,TRUE,FALSE,TRUE,"Light-Medium Roast, Blend, Available Ground, Kosher",TRUE,16.2,12,1.35
Tonys Coffee,Small Farms,Unspecified,Light-Medium Roast,80oz,$76.50 ,2,5,40,FALSE,TRUE,FALSE,TRUE,"Light-Medium Roast, Blend, Available Ground, Kosher",TRUE,76.5,80,0.96
Blossom Coffee Roasters,Kenya - Gatugi AA - Washed,Kenya,Light Roast,12oz,$20.70 ,2,3,66.7,FALSE,FALSE,TRUE,TRUE,"Light Roast, Kenya, Available Ground, Single Origin",TRUE,20.7,12,1.72
Blossom Coffee Roasters,Kenya - Gatugi AA - Washed,Kenya,Light Roast,32oz,$46.80 ,2,3,66.7,FALSE,FALSE,TRUE,TRUE,"Light Roast, Kenya, Available Ground, Single Origin",TRUE,46.8,32,1.46
Blossom Coffee Roasters,Kenya - Gatugi AA - Washed,Kenya,Light Roast,80oz,$103.50 ,2,3,66.7,FALSE,FALSE,TRUE,TRUE,"Light Roast, Kenya, Available Ground, Single Origin",TRUE,103.5,80,1.29
Stamp Act Coffee,"Kolla Bolcha - Agaro, Ethiopia",Ethiopia,Light Roast,12oz,$21.60 ,2,3,66.7,FALSE,FALSE,TRUE,FALSE,"Light Roast, Ethiopia, Single Origin",TRUE,21.6,12,1.8
Stamp Act Coffee,"Kolla Bolcha - Agaro, Ethiopia",Ethiopia,Light Roast,32oz,$51.84 ,2,3,66.7,FALSE,FALSE,TRUE,FALSE,"Light Roast, Ethiopia, Single Origin",TRUE,51.84,32,1.62
Stamp Act Coffee,"Kolla Bolcha - Agaro, Ethiopia",Ethiopia,Light Roast,80oz,$124.20 ,2,3,66.7,FALSE,FALSE,TRUE,FALSE,"Light Roast, Ethiopia, Single Origin",TRUE,124.2,80,1.55
Stamp Act Coffee,Base Layers - A Winter Blend 2025/26,Unspecified,Light-Medium Roast,12oz,$21.15 ,2,2,100,FALSE,TRUE,FALSE,FALSE,"Light-Medium Roast, Blend",TRUE,21.15,12,1.76
Stamp Act Coffee,Base Layers - A Winter Blend 2025/26,Unspecified,Light-Medium Roast,32oz,$49.41 ,2,2,100,FALSE,TRUE,FALSE,FALSE,"Light-Medium Roast, Blend",TRUE,49.41,32,1.54
Stamp Act Coffee,Base Layers - A Winter Blend 2025/26,Unspecified,Light-Medium Roast,80oz,$121.95 ,2,2,100,FALSE,TRUE,FALSE,FALSE,"Light-Medium Roast, Blend",TRUE,121.95,80,1.52
Blossom Coffee Roasters,Guatemala - Antonio Martinez  - Washed,Guatemala,Light Roast,12oz,$20.70 ,2,2,100,FALSE,FALSE,TRUE,TRUE,"Light Roast, Guatemala, Available Ground, Single Origin",TRUE,20.7,12,1.72
Blossom Coffee Roasters,Guatemala - Antonio Martinez  - Washed,Guatemala,Light Roast,16oz,$23.85 ,2,2,100,FALSE,FALSE,TRUE,TRUE,"Light Roast, Guatemala, Available Ground, Single Origin",TRUE,23.85,16,1.49
Blossom Coffee Roasters,Guatemala - Antonio Martinez  - Washed,Guatemala,Light Roast,32oz,$45.00 ,2,2,100,FALSE,FALSE,TRUE,TRUE,"Light Roast, Guatemala, Available Ground, Single Origin",TRUE,45,32,1.41
Blossom Coffee Roasters,Guatemala - Antonio Martinez  - Washed,Guatemala,Light Roast,80oz,$99.00 ,2,2,100,FALSE,FALSE,TRUE,TRUE,"Light Roast, Guatemala, Available Ground, Single Origin",TRUE,99,80,1.24
Kuma Coffee Roasters,Momma Bear 50/50 Decaf-Regular Blend,Unspecified,Light-Medium Roast,12oz,$21.47 ,1,2,50,TRUE,TRUE,FALSE,FALSE,"Light-Medium Roast, Blend, Half Decaf - Half Regular",TRUE,21.47,12,1.79
Olympia Coffee Roasting Co,Colombia Taita,Colombia,Light Roast,12oz,$23.40 ,1,1,100,FALSE,FALSE,TRUE,FALSE,"Light Roast, Colombia, Direct Trade, Fair Trade, Single Origin",TRUE,23.4,12,1.95
Olympia Coffee Roasting Co,Colombia Taita,Colombia,Light Roast,32oz,$57.35 ,1,1,100,FALSE,FALSE,TRUE,FALSE,"Light Roast, Colombia, Direct Trade, Fair Trade, Single Origin",TRUE,57.35,32,1.79
Olympia Coffee Roasting Co,Colombia Taita,Colombia,Light Roast,80oz,$132.12 ,1,1,100,FALSE,FALSE,TRUE,FALSE,"Light Roast, Colombia, Direct Trade, Fair Trade, Single Origin",TRUE,132.12,80,1.65
Tonys Coffee,Trail Breaker,Unspecified,Dark Roast,12oz,$20.11 ,1,1,100,FALSE,TRUE,FALSE,TRUE,"Dark  Roast, Blend, Available Ground",TRUE,20.11,12,1.68
Victrola Coffee Roasters,Mexico Teddy Kim,Mexico,Light Roast,12oz,$22.50 ,1,1,100,FALSE,FALSE,TRUE,FALSE,"Light Roast, Mexico, Single Origin",TRUE,22.5,12,1.88
Camber Coffee,Colombia Aponte Village,Colombia,Light Roast,12oz,$22.50 ,1,1,100,FALSE,FALSE,TRUE,TRUE,"Light Roast, Colombia, Available Ground, Single Origin",TRUE,22.5,12,1.88
Camber Coffee,Colombia Aponte Village,Colombia,Light Roast,32oz,$53.10 ,1,1,100,FALSE,FALSE,TRUE,TRUE,"Light Roast, Colombia, Available Ground, Single Origin",TRUE,53.1,32,1.66
Camber Coffee,Colombia Aponte Village,Colombia,Light Roast,80oz,$117.00 ,1,1,100,FALSE,FALSE,TRUE,TRUE,"Light Roast, Colombia, Available Ground, Single Origin",TRUE,117,80,1.46
Blossom Coffee Roasters,Ethiopia Uraga Suke - Natural,Ethiopia,Light-Medium Roast,12oz,$20.25 ,1,1,100,FALSE,FALSE,TRUE,TRUE,"Light-Medium Roast, Ethiopia, Available Ground, Single Origin",TRUE,20.25,12,1.69
Blossom Coffee Roasters,Ethiopia Uraga Suke - Natural,Ethiopia,Light-Medium Roast,32oz,$45.00 ,1,1,100,FALSE,FALSE,TRUE,TRUE,"Light-Medium Roast, Ethiopia, Available Ground, Single Origin",TRUE,45,32,1.41
Blossom Coffee Roasters,Ethiopia Uraga Suke - Natural,Ethiopia,Light-Medium Roast,80oz,$99.00 ,1,1,100,FALSE,FALSE,TRUE,TRUE,"Light-Medium Roast, Ethiopia, Available Ground, Single Origin",TRUE,99,80,1.24
Caffe Vita,KEXP Blend,Unspecified,Medium Roast,12oz,$17.10 ,0,0,0,FALSE,TRUE,FALSE,TRUE,"Medium Roast, Blend, Available Ground",FALSE,17.1,12,1.43
Caffe Vita,KEXP Blend,Unspecified,Medium Roast,80oz,$90.00 ,0,0,0,FALSE,TRUE,FALSE,TRUE,"Medium Roast, Blend, Available Ground",FALSE,90,80,1.12
Anchorhead Coffee,Megalodon Blend,Unspecified,Medium-Dark Roast,10oz,$18.90 ,0,0,0,FALSE,TRUE,FALSE,FALSE,"Medium-Dark Roast, Blend",FALSE,18.9,10,1.89
Anchorhead Coffee,Megalodon Blend,Unspecified,Medium-Dark Roast,32oz,$51.08 ,0,0,0,FALSE,TRUE,FALSE,FALSE,"Medium-Dark Roast, Blend",FALSE,51.08,32,1.6
Olympia Coffee Roasting Co,Colombia Clinton Ossa Micro Lot,Colombia,Light Roast,12oz,$26.55 ,0,0,0,FALSE,FALSE,TRUE,FALSE,"Light Roast, Colombia, Fair Trade, Direct Trade, Single Origin",FALSE,26.55,12,2.21
Olympia Coffee Roasting Co,Colombia Clinton Ossa Micro Lot,Colombia,Light Roast,32oz,$66.26 ,0,0,0,FALSE,FALSE,TRUE,FALSE,"Light Roast, Colombia, Fair Trade, Direct Trade, Single Origin",FALSE,66.26,32,2.07
Olympia Coffee Roasting Co,Colombia Clinton Ossa Micro Lot,Colombia,Light Roast,80oz,$154.40 ,0,0,0,FALSE,FALSE,TRUE,FALSE,"Light Roast, Colombia, Fair Trade, Direct Trade, Single Origin",FALSE,154.4,80,1.93
Victrola Coffee Roasters,Colombia Jose Gomez,Colombia,Light Roast,12oz,$21.60 ,0,0,0,FALSE,FALSE,TRUE,FALSE,"Light Roast, Colombia, Single Origin",FALSE,21.6,12,1.8
Victrola Coffee Roasters,Paramount Blend,Unspecified,Dark Roast,12oz,$16.20 ,0,0,0,FALSE,TRUE,FALSE,FALSE,"Dark  Roast, Blend",FALSE,16.2,12,1.35
Victrola Coffee Roasters,Space Blend,Unspecified,Medium Roast,12oz,$17.10 ,0,0,0,FALSE,TRUE,FALSE,FALSE,"Medium Roast, Blend",FALSE,17.1,12,1.43
Olympia Coffee Roasting Co,Ethiopia Buncho Honey,Ethiopia,Light Roast,12oz,$23.40 ,0,0,0,FALSE,FALSE,TRUE,FALSE,"Light Roast, Ethiopia, Fair Trade, Direct Trade, Single Origin",FALSE,23.4,12,1.95
Olympia Coffee Roasting Co,Ethiopia Buncho Honey,Ethiopia,Light Roast,32oz,$60.75 ,0,0,0,FALSE,FALSE,TRUE,FALSE,"Light Roast, Ethiopia, Fair Trade, Direct Trade, Single Origin",FALSE,60.75,32,1.9
Olympia Coffee Roasting Co,Ethiopia Buncho Honey,Ethiopia,Light Roast,80oz,$124.88 ,0,0,0,FALSE,FALSE,TRUE,FALSE,"Light Roast, Ethiopia, Fair Trade, Direct Trade, Single Origin",FALSE,124.88,80,1.56
Ladro Roasting,Ladro Blend,Unspecified,Medium Roast,12oz,$20.98 ,0,0,0,FALSE,TRUE,FALSE,TRUE,"Medium Roast, Blend, Available Ground",FALSE,20.98,12,1.75
Ladro Roasting,Ladro Blend,Unspecified,Medium Roast,80oz,$92.13 ,0,0,0,FALSE,TRUE,FALSE,TRUE,"Medium Roast, Blend, Available Ground",FALSE,92.13,80,1.15
Olympia Coffee Roasting Co,Peru Espíritu Wari Reserva,Peru,Light Roast,12oz,$21.60 ,0,0,0,FALSE,FALSE,TRUE,FALSE,"Light Roast, Peru, Direct Trade, Fair Trade, Single Origin",FALSE,21.6,12,1.8
Olympia Coffee Roasting Co,Peru Espíritu Wari Reserva,Peru,Light Roast,32oz,$52.92 ,0,0,0,FALSE,FALSE,TRUE,FALSE,"Light Roast, Peru, Direct Trade, Fair Trade, Single Origin",FALSE,52.92,32,1.65
Olympia Coffee Roasting Co,Peru Espíritu Wari Reserva,Peru,Light Roast,80oz,$121.05 ,0,0,0,FALSE,FALSE,TRUE,FALSE,"Light Roast, Peru, Direct Trade, Fair Trade, Single Origin",FALSE,121.05,80,1.51
Tonys Coffee,Morning Tide,Unspecified,Light-Medium Roast,12oz,$21.02 ,0,0,0,FALSE,TRUE,FALSE,TRUE,"Light-Medium Roast, Blend, Organic, Available Ground",FALSE,21.02,12,1.75
Victrola Coffee Roasters,Nicaragua Luis Alberto,Nicaragua,Light Roast,12oz,$21.60 ,0,0,0,FALSE,FALSE,TRUE,FALSE,"Light Roast, Nicaragua, Single Origin",FALSE,21.6,12,1.8
Victrola Coffee Roasters,Guatemala Patzun Chimaltenango,Guatemala,Light Roast,12oz,$22.50 ,0,0,0,FALSE,FALSE,TRUE,FALSE,"Light Roast, Guatemala, Single Origin",FALSE,22.5,12,1.88
Anchorhead Coffee,Peru Valle Sandia Reserve,Peru,Light-Medium Roast,10oz,$21.60 ,0,0,0,FALSE,FALSE,TRUE,FALSE,"Light-Medium Roast, Peru, Single Origin",FALSE,21.6,10,2.16
Anchorhead Coffee,Peru Valle Sandia Reserve,Peru,Light-Medium Roast,32oz,$58.50 ,0,0,0,FALSE,FALSE,TRUE,FALSE,"Light-Medium Roast, Peru, Single Origin",FALSE,58.5,32,1.83
Camber Coffee,Kenya Kii,Kenya,Light Roast,12oz,$23.40 ,0,0,0,FALSE,FALSE,TRUE,TRUE,"Light Roast, Kenya, Available Ground, Single Origin",FALSE,23.4,12,1.95
Camber Coffee,Kenya Kii,Kenya,Light Roast,32oz,$55.80 ,0,0,0,FALSE,FALSE,TRUE,TRUE,"Light Roast, Kenya, Available Ground, Single Origin",FALSE,55.8,32,1.74
Camber Coffee,Kenya Kii,Kenya,Light Roast,80oz,$123.30 ,0,0,0,FALSE,FALSE,TRUE,TRUE,"Light Roast, Kenya, Available Ground, Single Origin",FALSE,123.3,80,1.54
Olympia Coffee Roasting Co,20th Anniversary Blend,Unspecified,Light Roast,12oz,$23.40 ,0,0,0,FALSE,TRUE,FALSE,FALSE,"Light Roast, Blend",FALSE,23.4,12,1.95
Olympia Coffee Roasting Co,20th Anniversary Blend,Unspecified,Light Roast,32oz,$57.73 ,0,0,0,FALSE,TRUE,FALSE,FALSE,"Light Roast, Blend",FALSE,57.73,32,1.8
Olympia Coffee Roasting Co,20th Anniversary Blend,Unspecified,Light Roast,80oz,$133.07 ,0,0,0,FALSE,TRUE,FALSE,FALSE,"Light Roast, Blend",FALSE,133.07,80,1.66
Kuma Coffee Roasters,Decaf Ethiopia Natural Suke Quto,Ethiopia,Medium Roast,12oz,$25.69 ,0,0,0,TRUE,FALSE,TRUE,FALSE,"Medium Roast, Ethiopia, Decaf, Single Origin",FALSE,25.69,12,2.14
Victrola Coffee Roasters,Guatemala David Solano,Guatemala,Light Roast,12oz,$21.60 ,0,0,0,FALSE,FALSE,TRUE,FALSE,"Light Roast, Guatemala, Single Origin",FALSE,21.6,12,1.8
Camber Coffee,Ethiopia Taaroo,Ethiopia,Light Roast,32oz,$66.60 ,0,0,0,FALSE,FALSE,TRUE,TRUE,"Light Roast, Ethiopia, Available Ground, Single Origin",FALSE,66.6,32,2.08
Camber Coffee,Ethiopia Taaroo,Ethiopia,Light Roast,80oz,$142.20 ,0,0,0,FALSE,FALSE,TRUE,TRUE,"Light Roast, Ethiopia, Available Ground, Single Origin",FALSE,142.2,80,1.78
Blossom Coffee Roasters,Colombia - Bourbon Sidra - Washed,Colombia,Light-Medium Roast,12oz,$21.60 ,0,0,0,FALSE,FALSE,TRUE,TRUE,"Light-Medium Roast, Colombia, Available Ground, Single Origin",FALSE,21.6,12,1.8
Blossom Coffee Roasters,Colombia - Bourbon Sidra - Washed,Colombia,Light-Medium Roast,32oz,$46.80 ,0,0,0,FALSE,FALSE,TRUE,TRUE,"Light-Medium Roast, Colombia, Available Ground, Single Origin",FALSE,46.8,32,1.46
Camber Coffee,Ethiopia Biloya,Ethiopia,Light Roast,12oz,$23.40 ,0,0,0,FALSE,FALSE,TRUE,TRUE,"Light Roast, Ethiopia, Available Ground, Single Origin",FALSE,23.4,12,1.95
Camber Coffee,Ethiopia Biloya,Ethiopia,Light Roast,32oz,$55.80 ,0,0,0,FALSE,FALSE,TRUE,TRUE,"Light Roast, Ethiopia, Available Ground, Single Origin",FALSE,55.8,32,1.74
Camber Coffee,Ethiopia Biloya,Ethiopia,Light Roast,80oz,$122.40 ,0,0,0,FALSE,FALSE,TRUE,TRUE,"Light Roast, Ethiopia, Available Ground, Single Origin",FALSE,122.4,80,1.53
Anchorhead Coffee,Colombia Cauca Cosurca,Colombia,Light-Medium Roast,10oz,$21.60 ,0,0,0,FALSE,FALSE,TRUE,FALSE,"Light-Medium Roast, Colombia, Single Origin",FALSE,21.6,10,2.16
Anchorhead Coffee,Colombia Cauca Cosurca,Colombia,Light-Medium Roast,32oz,$58.50 ,0,0,0,FALSE,FALSE,TRUE,FALSE,"Light-Medium Roast, Colombia, Single Origin",FALSE,58.5,32,1.83
Olympia Coffee Roasting Co,Ethiopia Kokose Natural,Ethiopia,Light Roast,12oz,$24.30 ,0,0,0,FALSE,FALSE,TRUE,FALSE,"Light Roast, Ethiopia, Single Origin",FALSE,24.3,12,2.02
Olympia Coffee Roasting Co,Ethiopia Kokose Natural,Ethiopia,Light Roast,32oz,$59.89 ,0,0,0,FALSE,FALSE,TRUE,FALSE,"Light Roast, Ethiopia, Single Origin",FALSE,59.89,32,1.87
Olympia Coffee Roasting Co,Ethiopia Kokose Natural,Ethiopia,Light Roast,80oz,$138.47 ,0,0,0,FALSE,FALSE,TRUE,FALSE,"Light Roast, Ethiopia, Single Origin",FALSE,138.47,80,1.73
Olympia Coffee Roasting Co,Ethiopia Bochesa,Ethiopia,Light Roast,12oz,$24.75 ,0,0,0,FALSE,FALSE,TRUE,FALSE,"Light Roast, Ethiopia, Single Origin",FALSE,24.75,12,2.06
Olympia Coffee Roasting Co,Ethiopia Bochesa,Ethiopia,Light Roast,32oz,$61.40 ,0,0,0,FALSE,FALSE,TRUE,FALSE,"Light Roast, Ethiopia, Single Origin",FALSE,61.4,32,1.92
Olympia Coffee Roasting Co,Ethiopia Bochesa,Ethiopia,Light Roast,80oz,$142.25 ,0,0,0,FALSE,FALSE,TRUE,FALSE,"Light Roast, Ethiopia, Single Origin",FALSE,142.25,80,1.78
Olympia Coffee Roasting Co,Kenya Boma AA Micro Lot 12,Kenya,Light Roast,12oz,$22.50 ,0,0,0,FALSE,FALSE,TRUE,FALSE,"Light Roast, Kenya, Single Origin",FALSE,22.5,12,1.88
Olympia Coffee Roasting Co,Kenya Boma AA Micro Lot 12,Kenya,Light Roast,32oz,$55.51 ,0,0,0,FALSE,FALSE,TRUE,FALSE,"Light Roast, Kenya, Single Origin",FALSE,55.51,32,1.73
Olympia Coffee Roasting Co,Kenya Boma AA Micro Lot 12,Kenya,Light Roast,80oz,$127.53 ,0,0,0,FALSE,FALSE,TRUE,FALSE,"Light Roast, Kenya, Single Origin",FALSE,127.53,80,1.59
