roaster,product_name,origin,roast_type,size,price,hearts,total_reviews,heart_percentage,decaf,blend,single_origin,available_ground,tags,url,product_id,has_reviews,price_numeric,size_oz,price_per_oz
Ladro Roasting,Diablo,Unspecified,Dark Roast,12oz,$20.98,446,574,77.7,False,True,False,True,"Dark  Roast, Blend, Available Ground, Featured",/products/diablo,5acc0eb73b2f100014a515eb,True,20.98,12,1.75
Ladro Roasting,Diablo,Unspecified,Dark Roast,80oz,$92.13,446,574,77.7,False,True,False,True,"Dark  Roast, Blend, Available Ground, Featured",/products/diablo,5acc0eb73b2f100014a515eb,True,92.13,80,1.15
Tony's Coffee,Cafe Carmelita,Unspecified,Medium Roast,12oz,$12.32,370,493,75.1,False,True,False,True,"Medium Roast, Blend, Fair Trade, Organic, Available Ground",/products/cafe-carmelita,5a1645393427c60014b0717e,True,12.32,12,1.03
Tony's Coffee,Cafe Carmelita,Unspecified,Medium Roast,24oz,$25.20,370,493,75.1,False,True,False,True,"Medium Roast, Blend, Fair Trade, Organic, Available Ground",/products/cafe-carmelita,5a1645393427c60014b0717e,True,25.2,24,1.05
Tony's Coffee,Cafe Carmelita,Unspecified,Medium Roast,80oz,$63.00,370,493,75.1,False,True,False,True,"Medium Roast, Blend, Fair Trade, Organic, Available Ground",/products/cafe-carmelita,5a1645393427c60014b0717e,True,63.0,80,0.79
Stamp Act Coffee,Milk Money - Seasonal Espresso,Unspecified,Light-Medium Roast,12oz,$15.30,362,470,77.0,False,True,False,False,"Light-Medium Roast, Blend, Espresso",/products/milk-money--seasonal-espresso,5bd298c193311718a8e84d51,True,15.3,12,1.28
Stamp Act Coffee,Milk Money - Seasonal Espresso,Unspecified,Light-Medium Roast,32oz,$41.40,362,470,77.0,False,True,False,False,"Light-Medium Roast, Blend, Espresso",/products/milk-money--seasonal-espresso,5bd298c193311718a8e84d51,True,41.4,32,1.29
Stamp Act Coffee,Milk Money - Seasonal Espresso,Unspecified,Light-Medium Roast,80oz,$99.45,362,470,77.0,False,True,False,False,"Light-Medium Roast, Blend, Espresso",/products/milk-money--seasonal-espresso,5bd298c193311718a8e84d51,True,99.45,80,1.24
Blossom Coffee Roasters,Ethiopia - Ardi - Natural,Ethiopia,Light Roast,32oz,$40.50,315,384,82.0,False,False,True,True,"Light Roast, Ethiopia, Available Ground, Single Origin",/products/ethiopia--ardi--natural,5f1fcea49628d40004718e75,True,40.5,32,1.27
Blossom Coffee Roasters,Ethiopia - Ardi - Natural,Ethiopia,Light Roast,80oz,$94.50,315,384,82.0,False,False,True,True,"Light Roast, Ethiopia, Available Ground, Single Origin",/products/ethiopia--ardi--natural,5f1fcea49628d40004718e75,True,94.5,80,1.18
Camber Coffee,Big Joy,Guatemala,Medium Roast,12oz,$16.20,245,310,79.0,False,False,True,True,"Medium Roast, Guatemala, Espresso, Direct Trade, Available Ground, Single Origin",/products/big-joy,5e13a054476ef30004a41e0f,True,16.2,12,1.35
Camber Coffee,Big Joy,Guatemala,Medium Roast,32oz,$31.50,245,310,79.0,False,False,True,True,"Medium Roast, Guatemala, Espresso, Direct Trade, Available Ground, Single Origin",/products/big-joy,5e13a054476ef30004a41e0f,True,31.5,32,0.98
Camber Coffee,Big Joy,Guatemala,Medium Roast,80oz,$76.50,245,310,79.0,False,False,True,True,"Medium Roast, Guatemala, Espresso, Direct Trade, Available Ground, Single Origin",/products/big-joy,5e13a054476ef30004a41e0f,True,76.5,80,0.96
Ladro Roasting,Fremont,Unspecified,Medium Roast,12oz,$20.98,214,303,70.6,False,True,False,True,"Medium Roast, Blend, Available Ground, Featured",/products/fremont,5acc19d0ae9ff20014651634,True,20.98,12,1.75
Ladro Roasting,Fremont,Unspecified,Medium Roast,80oz,$92.13,214,303,70.6,False,True,False,True,"Medium Roast, Blend, Available Ground, Featured",/products/fremont,5acc19d0ae9ff20014651634,True,92.13,80,1.15
Caffe Vita,Theo Blend,Unspecified,Medium-Dark Roast,12oz,$16.20,154,215,71.6,False,True,False,True,"Medium-Dark Roast, Blend, Organic, Direct Trade, Available Ground, Kosher",/products/theo-blend,588ff234e4fcc61100cb9878,True,16.2,12,1.35
Caffe Vita,Theo Blend,Unspecified,Medium-Dark Roast,80oz,$85.50,154,215,71.6,False,True,False,True,"Medium-Dark Roast, Blend, Organic, Direct Trade, Available Ground, Kosher",/products/theo-blend,588ff234e4fcc61100cb9878,True,85.5,80,1.07
Olympia Coffee Roasting Co.,Big Truck,Unspecified,Medium-Dark Roast,12oz,$16.65,148,200,74.0,False,True,False,False,"Medium-Dark Roast, Blend, Espresso, Direct Trade, Fair Trade",/products/big-truck-organic,5a32e6e86bd23b00147e33be,True,16.65,12,1.39
Olympia Coffee Roasting Co.,Big Truck,Unspecified,Medium-Dark Roast,32oz,$42.12,148,200,74.0,False,True,False,False,"Medium-Dark Roast, Blend, Espresso, Direct Trade, Fair Trade",/products/big-truck-organic,5a32e6e86bd23b00147e33be,True,42.12,32,1.32
Olympia Coffee Roasting Co.,Big Truck,Unspecified,Medium-Dark Roast,80oz,$99.54,148,200,74.0,False,True,False,False,"Medium-Dark Roast, Blend, Espresso, Direct Trade, Fair Trade",/products/big-truck-organic,5a32e6e86bd23b00147e33be,True,99.54,80,1.24
Caffe Vita,Caffe Luna,Unspecified,Dark Roast,12oz,$16.20,136,172,79.1,False,True,False,True,"Dark  Roast, Blend, Direct Trade, Featured, Available Ground",/products/caffe-luna,588feecfe4fcc61100cb9874,True,16.2,12,1.35
Caffe Vita,Caffe Luna,Unspecified,Dark Roast,80oz,$85.50,136,172,79.1,False,True,False,True,"Dark  Roast, Blend, Direct Trade, Featured, Available Ground",/products/caffe-luna,588feecfe4fcc61100cb9874,True,85.5,80,1.07
Blossom Coffee Roasters,Dark Side of the Moon,Unspecified,Dark Roast,12oz,$15.75,126,162,77.8,False,True,False,True,"Dark  Roast, Blend, Available Ground",/products/dark-side-of-the-moon,5f1fcea49628d40004718e5c,True,15.75,12,1.31
Blossom Coffee Roasters,Dark Side of the Moon,Unspecified,Dark Roast,32oz,$35.10,126,162,77.8,False,True,False,True,"Dark  Roast, Blend, Available Ground",/products/dark-side-of-the-moon,5f1fcea49628d40004718e5c,True,35.1,32,1.1
Blossom Coffee Roasters,Dark Side of the Moon,Unspecified,Dark Roast,80oz,$79.65,126,162,77.8,False,True,False,True,"Dark  Roast, Blend, Available Ground",/products/dark-side-of-the-moon,5f1fcea49628d40004718e5c,True,79.65,80,1.0
Camber Coffee,Skyline Espresso,Unspecified,Medium Roast,12oz,$16.20,121,154,78.6,False,True,False,True,"Medium Roast, Blend, Espresso, Direct Trade, Available Ground",/products/skyline-espresso,5e13a054476ef30004a41e0e,True,16.2,12,1.35
Camber Coffee,Skyline Espresso,Unspecified,Medium Roast,32oz,$31.50,121,154,78.6,False,True,False,True,"Medium Roast, Blend, Espresso, Direct Trade, Available Ground",/products/skyline-espresso,5e13a054476ef30004a41e0e,True,31.5,32,0.98
Camber Coffee,Skyline Espresso,Unspecified,Medium Roast,80oz,$76.50,121,154,78.6,False,True,False,True,"Medium Roast, Blend, Espresso, Direct Trade, Available Ground",/products/skyline-espresso,5e13a054476ef30004a41e0e,True,76.5,80,0.96
Ladro Roasting,Queen Anne,Unspecified,Light Roast,12oz,$20.98,120,182,65.9,False,True,False,True,"Light Roast, Blend, Available Ground, Featured",/products/queen-anne,5acc1ba4ae9ff20014651638,True,20.98,12,1.75
Ladro Roasting,Queen Anne,Unspecified,Light Roast,80oz,$92.13,120,182,65.9,False,True,False,True,"Light Roast, Blend, Available Ground, Featured",/products/queen-anne,5acc1ba4ae9ff20014651638,True,92.13,80,1.15
Blossom Coffee Roasters,Nectar,Unspecified,Light-Medium Roast,12oz,$16.65,108,146,74.0,False,True,False,True,"Light-Medium Roast, Blend, Espresso, Organic, Available Ground",/products/nectar,5f2352b79306910004eaa170,True,16.65,12,1.39
Blossom Coffee Roasters,Nectar,Unspecified,Light-Medium Roast,32oz,$39.15,108,146,74.0,False,True,False,True,"Light-Medium Roast, Blend, Espresso, Organic, Available Ground",/products/nectar,5f2352b79306910004eaa170,True,39.15,32,1.22
Blossom Coffee Roasters,Nectar,Unspecified,Light-Medium Roast,80oz,$81.00,108,146,74.0,False,True,False,True,"Light-Medium Roast, Blend, Espresso, Organic, Available Ground",/products/nectar,5f2352b79306910004eaa170,True,81.0,80,1.01
Seven Coffee Roasters,Guatemala Trapichitos,Guatemala,Light-Medium Roast,12oz,$15.27,106,147,72.1,False,False,True,True,"Light-Medium Roast, Guatemala, Organic, Available Ground, Single Origin",/products/guatemala-trapichitos,5a38d31e37f8480014da7ef3,True,15.27,12,1.27
Caffe Vita,Caffe Del Sol,Unspecified,Medium Roast,12oz,$15.30,103,134,76.9,False,True,False,True,"Medium Roast, Blend, Espresso, Direct Trade, Available Ground",/products/caffe-del-sol,588feb1607cb391100058c16,True,15.3,12,1.28
Caffe Vita,Caffe Del Sol,Unspecified,Medium Roast,80oz,$85.50,103,134,76.9,False,True,False,True,"Medium Roast, Blend, Espresso, Direct Trade, Available Ground",/products/caffe-del-sol,588feb1607cb391100058c16,True,85.5,80,1.07
Tony's Coffee,Upland,Unspecified,Medium Roast,12oz,$19.66,95,140,67.9,False,True,False,True,"Medium Roast, Blend, Fair Trade, Organic, Available Ground",/products/upland,5a1645a53427c60014b0717f,True,19.66,12,1.64
Caffe Vita,Bistro Blend,Unspecified,Medium Roast,12oz,$15.30,92,123,74.8,False,True,False,True,"Medium Roast, Blend, Direct Trade, Available Ground",/products/bistro-blend,588feba0e4fcc61100cb9873,True,15.3,12,1.28
Caffe Vita,Bistro Blend,Unspecified,Medium Roast,80oz,$90.00,92,123,74.8,False,True,False,True,"Medium Roast, Blend, Direct Trade, Available Ground",/products/bistro-blend,588feba0e4fcc61100cb9873,True,90.0,80,1.12
Seven Coffee Roasters,Mexico Santa Fe,Mexico,Medium Roast,12oz,$15.27,90,113,79.6,False,False,True,True,"Medium Roast, Mexico, Organic, Available Ground, Single Origin",/products/mexico-santa-fe,58900593385372110089aa95,True,15.27,12,1.27
Olympia Coffee Roasting Co.,Sweetheart Single Origin Espresso Rotation,Unspecified,Medium Roast,12oz,$18.00,90,117,76.9,False,False,True,False,"Medium Roast, Rotating, Espresso, Fair Trade, Direct Trade, Single Origin",/products/sweetheart,5a344b0e47d25e0014672cc9,True,18.0,12,1.5
Olympia Coffee Roasting Co.,Sweetheart Single Origin Espresso Rotation,Unspecified,Medium Roast,32oz,$45.45,90,117,76.9,False,False,True,False,"Medium Roast, Rotating, Espresso, Fair Trade, Direct Trade, Single Origin",/products/sweetheart,5a344b0e47d25e0014672cc9,True,45.45,32,1.42
Olympia Coffee Roasting Co.,Sweetheart Single Origin Espresso Rotation,Unspecified,Medium Roast,80oz,$107.10,90,117,76.9,False,False,True,False,"Medium Roast, Rotating, Espresso, Fair Trade, Direct Trade, Single Origin",/products/sweetheart,5a344b0e47d25e0014672cc9,True,107.1,80,1.34
Stamp Act Coffee,Old School - Seasonal Espresso,Unspecified,Medium Roast,12oz,$14.85,85,112,75.9,False,True,False,False,"Medium Roast, Blend, Espresso",/products/old-school--seasonal-espresso,5e72e1079e81380004a77dab,True,14.85,12,1.24
Stamp Act Coffee,Old School - Seasonal Espresso,Unspecified,Medium Roast,32oz,$37.80,85,112,75.9,False,True,False,False,"Medium Roast, Blend, Espresso",/products/old-school--seasonal-espresso,5e72e1079e81380004a77dab,True,37.8,32,1.18
Stamp Act Coffee,Old School - Seasonal Espresso,Unspecified,Medium Roast,80oz,$94.95,85,112,75.9,False,True,False,False,"Medium Roast, Blend, Espresso",/products/old-school--seasonal-espresso,5e72e1079e81380004a77dab,True,94.95,80,1.19
Tony's Coffee,Songbird Blend,Unspecified,Medium-Dark Roast,12oz,$12.32,84,128,65.6,False,True,False,True,"Medium-Dark Roast, Blend, Fair Trade, Organic, Available Ground",/products/songbird-blend,5a1642653427c60014b07179,True,12.32,12,1.03
Tony's Coffee,Songbird Blend,Unspecified,Medium-Dark Roast,24oz,$25.20,84,128,65.6,False,True,False,True,"Medium-Dark Roast, Blend, Fair Trade, Organic, Available Ground",/products/songbird-blend,5a1642653427c60014b07179,True,25.2,24,1.05
Tony's Coffee,Songbird Blend,Unspecified,Medium-Dark Roast,80oz,$63.00,84,128,65.6,False,True,False,True,"Medium-Dark Roast, Blend, Fair Trade, Organic, Available Ground",/products/songbird-blend,5a1642653427c60014b07179,True,63.0,80,0.79
Tony's Coffee,Sugar Bee Espresso,Unspecified,Medium Roast,12oz,$20.52,82,115,71.3,False,True,False,True,"Medium Roast, Blend, Espresso, Available Ground, Featured, Kosher",/products/sugar-bee-espresso,5a1643e93427c60014b0717b,True,20.52,12,1.71
Caffe Vita,Queen City,Unspecified,Medium-Dark Roast,12oz,$15.75,79,107,73.8,False,True,False,True,"Medium-Dark Roast, Blend, Direct Trade, Available Ground",/products/queen-city,588ff0b3e4fcc61100cb9875,True,15.75,12,1.31
Caffe Vita,Queen City,Unspecified,Medium-Dark Roast,80oz,$85.50,79,107,73.8,False,True,False,True,"Medium-Dark Roast, Blend, Direct Trade, Available Ground",/products/queen-city,588ff0b3e4fcc61100cb9875,True,85.5,80,1.07
Seven Coffee Roasters,Espresso Huli,Unspecified,Dark Roast,12oz,$14.37,75,118,63.6,False,True,False,True,"Dark  Roast, Blend, Espresso, Available Ground, Featured",/products/espresso-huli,58900515385372110089aa94,True,14.37,12,1.2
Seven Coffee Roasters,Ethiopia Yirgachefe,Ethiopia,Medium Roast,12oz,$15.27,73,99,73.7,False,False,True,True,"Medium Roast, Ethiopia, Direct Trade, Available Ground, Single Origin",/products/ethiopia-yirgachefe,58d20b16060af51100959309,True,15.27,12,1.27
Seven Coffee Roasters,Brazil Carmo De Minas,Brazil,Medium Roast,12oz,$15.27,71,99,71.7,False,False,True,True,"Medium Roast, Brazil, Direct Trade, Available Ground, Single Origin",/products/brazil-carmo-de-minas-1,5890042a385372110089aa93,True,15.27,12,1.27
Blossom Coffee Roasters,Espresso Velluto Organic,Unspecified,Light-Medium Roast,12oz,$15.53,69,100,69.0,False,True,False,True,"Light-Medium Roast, Blend, Espresso, Organic, Available Ground",/products/espresso-velluto-organic,5f1fcea49628d40004718e70,True,15.53,12,1.29
Blossom Coffee Roasters,Espresso Velluto Organic,Unspecified,Light-Medium Roast,32oz,$34.20,69,100,69.0,False,True,False,True,"Light-Medium Roast, Blend, Espresso, Organic, Available Ground",/products/espresso-velluto-organic,5f1fcea49628d40004718e70,True,34.2,32,1.07
Blossom Coffee Roasters,Espresso Velluto Organic,Unspecified,Light-Medium Roast,80oz,$79.65,69,100,69.0,False,True,False,True,"Light-Medium Roast, Blend, Espresso, Organic, Available Ground",/products/espresso-velluto-organic,5f1fcea49628d40004718e70,True,79.65,80,1.0
Blossom Coffee Roasters,First Light Breakfast Blend,Unspecified,Medium Roast,12oz,$15.75,69,92,75.0,False,True,False,True,"Medium Roast, Blend, Available Ground",/products/first-light-breakfast-blend,5f1fcea59628d40004718e7f,True,15.75,12,1.31
Blossom Coffee Roasters,First Light Breakfast Blend,Unspecified,Medium Roast,32oz,$34.20,69,92,75.0,False,True,False,True,"Medium Roast, Blend, Available Ground",/products/first-light-breakfast-blend,5f1fcea59628d40004718e7f,True,34.2,32,1.07
Blossom Coffee Roasters,First Light Breakfast Blend,Unspecified,Medium Roast,80oz,$79.20,69,92,75.0,False,True,False,True,"Medium Roast, Blend, Available Ground",/products/first-light-breakfast-blend,5f1fcea59628d40004718e7f,True,79.2,80,0.99
Olympia Coffee Roasting Co.,Morning Sun,El Salvador,Medium-Dark Roast,12oz,$15.75,68,94,72.3,False,False,True,False,"Medium-Dark Roast, El Salvador, Direct Trade, Fair Trade, Single Origin",/products/morning-sun-organic,5c5c1b46fcd18d0016b9c9c2,True,15.75,12,1.31
Olympia Coffee Roasting Co.,Morning Sun,El Salvador,Medium-Dark Roast,32oz,$39.87,68,94,72.3,False,False,True,False,"Medium-Dark Roast, El Salvador, Direct Trade, Fair Trade, Single Origin",/products/morning-sun-organic,5c5c1b46fcd18d0016b9c9c2,True,39.87,32,1.25
Olympia Coffee Roasting Co.,Morning Sun,El Salvador,Medium-Dark Roast,80oz,$94.14,68,94,72.3,False,False,True,False,"Medium-Dark Roast, El Salvador, Direct Trade, Fair Trade, Single Origin",/products/morning-sun-organic,5c5c1b46fcd18d0016b9c9c2,True,94.14,80,1.18
Olympia Coffee Roasting Co.,Morning Sun,El Salvador,Medium-Dark Roast,80oz,$94.14,68,94,72.3,False,False,True,False,"Medium-Dark Roast, El Salvador, Direct Trade, Fair Trade, Single Origin",/products/morning-sun-organic,5c5c1b46fcd18d0016b9c9c2,True,94.14,80,1.18
Tony's Coffee,Espresso Noir,Unspecified,Dark Roast,12oz,$12.32,63,93,67.7,False,True,False,True,"Dark  Roast, Blend, Espresso, Fair Trade, Organic, Available Ground",/products/espresso-noir,5a163f7d3427c60014b07175,True,12.32,12,1.03
Tony's Coffee,Espresso Noir,Unspecified,Dark Roast,24oz,$25.20,63,93,67.7,False,True,False,True,"Dark  Roast, Blend, Espresso, Fair Trade, Organic, Available Ground",/products/espresso-noir,5a163f7d3427c60014b07175,True,25.2,24,1.05
Tony's Coffee,Espresso Noir,Unspecified,Dark Roast,80oz,$63.00,63,93,67.7,False,True,False,True,"Dark  Roast, Blend, Espresso, Fair Trade, Organic, Available Ground",/products/espresso-noir,5a163f7d3427c60014b07175,True,63.0,80,0.79
Olympia Coffee Roasting Co.,Little Buddy,Unspecified,Light Roast,12oz,$19.80,60,97,61.9,False,True,False,False,"Light Roast, Blend, Espresso, Direct Trade, Fair Trade",/products/little-buddy,5a32e7d2a78e090014e7e000,True,19.8,12,1.65
Olympia Coffee Roasting Co.,Little Buddy,Unspecified,Light Roast,32oz,$49.23,60,97,61.9,False,True,False,False,"Light Roast, Blend, Espresso, Direct Trade, Fair Trade",/products/little-buddy,5a32e7d2a78e090014e7e000,True,49.23,32,1.54
Olympia Coffee Roasting Co.,Little Buddy,Unspecified,Light Roast,80oz,$114.03,60,97,61.9,False,True,False,False,"Light Roast, Blend, Espresso, Direct Trade, Fair Trade",/products/little-buddy,5a32e7d2a78e090014e7e000,True,114.03,80,1.43
Tonys Coffee,Coffeehouse Blend,Unspecified,Dark Roast,12oz,$12.32,56,74,75.7,False,True,False,True,"Dark  Roast, Blend, Available Ground",/products/coffeehouse-blend,5d72b4ed800f7e0016863571,True,12.32,12,1.03
Tonys Coffee,Coffeehouse Blend,Unspecified,Dark Roast,80oz,$59.39,56,74,75.7,False,True,False,True,"Dark  Roast, Blend, Available Ground",/products/coffeehouse-blend,5d72b4ed800f7e0016863571,True,59.39,80,0.74
Anchorhead Coffee,Narwhal Blend,Unspecified,Medium Roast,10oz,$13.50,50,74,67.6,False,True,False,False,"Medium Roast, Blend, Direct Trade",/products/narwhal-blend,58900b880db58e1100b4c125,True,13.5,10,1.35
Anchorhead Coffee,Narwhal Blend,Unspecified,Medium Roast,32oz,$36.00,50,74,67.6,False,True,False,False,"Medium Roast, Blend, Direct Trade",/products/narwhal-blend,58900b880db58e1100b4c125,True,36.0,32,1.12
Camber Coffee,Moonrise Blend,Unspecified,Light Roast,12oz,$19.80,43,58,74.1,False,True,False,True,"Light Roast, Blend, Available Ground",/products/moonrise-blend,5e30f5ffac3cdf0004a1f3e7,True,19.8,12,1.65
Camber Coffee,Moonrise Blend,Unspecified,Light Roast,32oz,$41.40,43,58,74.1,False,True,False,True,"Light Roast, Blend, Available Ground",/products/moonrise-blend,5e30f5ffac3cdf0004a1f3e7,True,41.4,32,1.29
Camber Coffee,Moonrise Blend,Unspecified,Light Roast,80oz,$99.00,43,58,74.1,False,True,False,True,"Light Roast, Blend, Available Ground",/products/moonrise-blend,5e30f5ffac3cdf0004a1f3e7,True,99.0,80,1.24
Stamp Act Coffee,Regina - A Custom Blend,Unspecified,Light-Medium Roast,12oz,$16.65,43,54,79.6,False,True,False,False,"Light-Medium Roast, Blend",/products/base-layers--holiday-blend,618f00a9a8bb9a0004dc6f7c,True,16.65,12,1.39
Kuma Coffee Roasters,Ethiopia Guji,Ethiopia,Light-Medium Roast,12oz,$22.07,39,53,73.6,False,False,True,False,"Light-Medium Roast, Ethiopia, Single Origin",/products/ethiopia-guji-1,625e4927abf21300353c7119,True,22.07,12,1.84
Caffe Vita,Organic French,Unspecified,Unspecified,12oz,$17.10,38,48,79.2,False,True,False,True,"French  Roast, Blend, Organic, Direct Trade, Available Ground, Kosher",/products/organic-french-roast,588ff187e4fcc61100cb9877,True,17.1,12,1.43
Caffe Vita,Organic French,Unspecified,Unspecified,80oz,$85.50,38,48,79.2,False,True,False,True,"French  Roast, Blend, Organic, Direct Trade, Available Ground, Kosher",/products/organic-french-roast,588ff187e4fcc61100cb9877,True,85.5,80,1.07
Tonys Coffee,Snow Joe,Unspecified,Medium Roast,12oz,$22.75,38,51,74.5,False,True,False,True,"Medium Roast, Blend, Fair Trade, Organic, Available Ground, Holiday, Kosher",/products/snow-joe-winter-blend,5fa08ff469e5b20004422510,True,22.75,12,1.9
Tonys Coffee,Snow Joe,Unspecified,Medium Roast,80oz,$103.75,38,51,74.5,False,True,False,True,"Medium Roast, Blend, Fair Trade, Organic, Available Ground, Holiday, Kosher",/products/snow-joe-winter-blend,5fa08ff469e5b20004422510,True,103.75,80,1.3
Blossom Coffee Roasters,French Roast Blend,Unspecified,Unspecified,12oz,$16.20,37,66,56.1,False,True,False,True,"French  Roast, Blend, Organic, Available Ground",/products/french-roast-blend,5f1fcea59628d40004718e84,True,16.2,12,1.35
Blossom Coffee Roasters,French Roast Blend,Unspecified,Unspecified,32oz,$33.75,37,66,56.1,False,True,False,True,"French  Roast, Blend, Organic, Available Ground",/products/french-roast-blend,5f1fcea59628d40004718e84,True,33.75,32,1.05
Blossom Coffee Roasters,French Roast Blend,Unspecified,Unspecified,80oz,$79.20,37,66,56.1,False,True,False,True,"French  Roast, Blend, Organic, Available Ground",/products/french-roast-blend,5f1fcea59628d40004718e84,True,79.2,80,0.99
Tonys Coffee,Peru Pangoa,Peru,Medium Roast,12oz,$12.60,36,46,78.3,False,False,True,True,"Medium Roast, Peru, Fair Trade, Organic, Shade Grown, Available Ground, Single Origin, Kosher",/products/peru-pangoa,5e9d3aadcb7b2400172345d9,True,12.6,12,1.05
Tonys Coffee,Peru Pangoa,Peru,Medium Roast,80oz,$67.50,36,46,78.3,False,False,True,True,"Medium Roast, Peru, Fair Trade, Organic, Shade Grown, Available Ground, Single Origin, Kosher",/products/peru-pangoa,5e9d3aadcb7b2400172345d9,True,67.5,80,0.84
Anchorhead Coffee,Costa Rica El Cedral,Costa Rica,Light-Medium Roast,10oz,$21.60,36,44,81.8,False,False,True,False,"Light-Medium Roast, Costa Rica, Single Origin",/products/costa-rica-el-cedral-natural,5f5b2fb6cf359d0034b52dff,True,21.6,10,2.16
Anchorhead Coffee,Costa Rica El Cedral,Costa Rica,Light-Medium Roast,32oz,$58.50,36,44,81.8,False,False,True,False,"Light-Medium Roast, Costa Rica, Single Origin",/products/costa-rica-el-cedral-natural,5f5b2fb6cf359d0034b52dff,True,58.5,32,1.83
Blossom Coffee Roasters,Deja Vu,Unspecified,Medium-Dark Roast,12oz,$15.30,35,49,71.4,False,True,False,True,"Medium-Dark Roast, Blend, Organic, Available Ground",/products/deja-vu,5f1fcea49628d40004718e66,True,15.3,12,1.28
Blossom Coffee Roasters,Deja Vu,Unspecified,Medium-Dark Roast,32oz,$33.75,35,49,71.4,False,True,False,True,"Medium-Dark Roast, Blend, Organic, Available Ground",/products/deja-vu,5f1fcea49628d40004718e66,True,33.75,32,1.05
Blossom Coffee Roasters,Deja Vu,Unspecified,Medium-Dark Roast,80oz,$79.20,35,49,71.4,False,True,False,True,"Medium-Dark Roast, Blend, Organic, Available Ground",/products/deja-vu,5f1fcea49628d40004718e66,True,79.2,80,0.99
Anchorhead Coffee,Leviathan (Espresso Blend),Unspecified,Light Roast,10oz,$13.50,33,53,62.3,False,True,False,False,"Light Roast, Blend, Espresso, Direct Trade",/products/leviathan-espresso-blend,58900bb90db58e1100b4c126,True,13.5,10,1.35
Anchorhead Coffee,Leviathan (Espresso Blend),Unspecified,Light Roast,32oz,$36.00,33,53,62.3,False,True,False,False,"Light Roast, Blend, Espresso, Direct Trade",/products/leviathan-espresso-blend,58900bb90db58e1100b4c126,True,36.0,32,1.12
Caffe Vita,Organic Espresso,Unspecified,Medium Roast,12oz,$16.20,33,49,67.3,False,True,False,True,"Medium Roast, Blend, Espresso, Direct Trade, Organic, Available Ground",/products/organic-espresso,588ff14fe4fcc61100cb9876,True,16.2,12,1.35
Caffe Vita,Organic Espresso,Unspecified,Medium Roast,80oz,$85.50,33,49,67.3,False,True,False,True,"Medium Roast, Blend, Espresso, Direct Trade, Organic, Available Ground",/products/organic-espresso,588ff14fe4fcc61100cb9876,True,85.5,80,1.07
Tonys Coffee,Espresso Classico,Unspecified,Medium Roast,12oz,$12.32,32,45,71.1,False,True,False,True,"Medium Roast, Blend, Espresso, Available Ground",/products/espresso-classico,5d72b36d02e7330016a1218e,True,12.32,12,1.03
Tonys Coffee,Espresso Classico,Unspecified,Medium Roast,80oz,$58.50,32,45,71.1,False,True,False,True,"Medium Roast, Blend, Espresso, Available Ground",/products/espresso-classico,5d72b36d02e7330016a1218e,True,58.5,80,0.73
Tonys Coffee,Cafe Carmelita Decaf,Unspecified,Medium Roast,12oz,$14.39,32,39,82.1,True,True,False,True,"Medium Roast, Blend, Decaf, Fair Trade, Organic, Available Ground",/products/cafe-carmelita-decaf,5d72afe90edbf60016ef18ac,True,14.39,12,1.2
Tonys Coffee,Cafe Carmelita Decaf,Unspecified,Medium Roast,24oz,$26.10,32,39,82.1,True,True,False,True,"Medium Roast, Blend, Decaf, Fair Trade, Organic, Available Ground",/products/cafe-carmelita-decaf,5d72afe90edbf60016ef18ac,True,26.1,24,1.09
Tonys Coffee,Cafe Carmelita Decaf,Unspecified,Medium Roast,80oz,$67.50,32,39,82.1,True,True,False,True,"Medium Roast, Blend, Decaf, Fair Trade, Organic, Available Ground",/products/cafe-carmelita-decaf,5d72afe90edbf60016ef18ac,True,67.5,80,0.84
Tony's Coffee,French Royale,Unspecified,Dark Roast,12oz,$12.32,31,41,75.6,False,True,False,True,"Dark  Roast, Blend, Fair Trade, Organic, Available Ground, Featured",/products/french-royale,5a16448c3427c60014b0717c,True,12.32,12,1.03
Tony's Coffee,French Royale,Unspecified,Dark Roast,80oz,$63.00,31,41,75.6,False,True,False,True,"Dark  Roast, Blend, Fair Trade, Organic, Available Ground, Featured",/products/french-royale,5a16448c3427c60014b0717c,True,63.0,80,0.79
Stamp Act Coffee,Mwendi Wega AA - Kenya,Kenya,Light Roast,32oz,$53.46,29,35,82.9,False,False,True,False,"Light Roast, Kenya, Single Origin",/products/mwendi-wega-aa--kenya,5bd2966193311718a8e84d4d,True,53.46,32,1.67
Stamp Act Coffee,Mwendi Wega AA - Kenya,Kenya,Light Roast,80oz,$126.23,29,35,82.9,False,False,True,False,"Light Roast, Kenya, Single Origin",/products/mwendi-wega-aa--kenya,5bd2966193311718a8e84d4d,True,126.23,80,1.58
Blossom Coffee Roasters,Ratu Ketiara Women's Cooperative,Unspecified,Medium Roast,12oz,$17.55,27,38,71.1,False,False,True,True,"Medium Roast, Sumatra, Fair Trade, Organic, Available Ground, Single Origin",/products/ratu-ketiara-womens-cooperative,5f73afe9ed84490004f51ba9,True,17.55,12,1.46
Blossom Coffee Roasters,Ratu Ketiara Women's Cooperative,Unspecified,Medium Roast,32oz,$37.80,27,38,71.1,False,False,True,True,"Medium Roast, Sumatra, Fair Trade, Organic, Available Ground, Single Origin",/products/ratu-ketiara-womens-cooperative,5f73afe9ed84490004f51ba9,True,37.8,32,1.18
Blossom Coffee Roasters,Ratu Ketiara Women's Cooperative,Unspecified,Medium Roast,80oz,$82.80,27,38,71.1,False,False,True,True,"Medium Roast, Sumatra, Fair Trade, Organic, Available Ground, Single Origin",/products/ratu-ketiara-womens-cooperative,5f73afe9ed84490004f51ba9,True,82.8,80,1.03
Seven Coffee Roasters,Sumatra Mandheling Old School,Unspecified,Medium Roast,12oz,$15.27,24,37,64.9,False,False,True,True,"Medium Roast, Sumatra, Available Ground, Single Origin",/products/sumatra-mandheling-old-school,5bd110fd1803e00015bf6fcb,True,15.27,12,1.27
Tonys Coffee,Sumatra,Unspecified,Medium Roast,12oz,$12.59,22,30,73.3,False,False,True,True,"Medium Roast, Sumatra, Fair Trade, Organic, Shade Grown, Available Ground, Single Origin, Kosher",/products/sumatra,5d72ade5105c52001670ad8e,True,12.59,12,1.05
Tonys Coffee,Sumatra,Unspecified,Medium Roast,80oz,$63.00,22,30,73.3,False,False,True,True,"Medium Roast, Sumatra, Fair Trade, Organic, Shade Grown, Available Ground, Single Origin, Kosher",/products/sumatra,5d72ade5105c52001670ad8e,True,63.0,80,0.79
Kuma Coffee Roasters,Classic,Unspecified,Medium Roast,12oz,$20.86,22,29,75.9,False,True,False,False,"Medium Roast, Blend",/products/classic,625e4927abf21300353c7101,True,20.86,12,1.74
Victrola,Triborough Blend,Unspecified,Medium-Dark Roast,12oz,$13.95,21,27,77.8,False,True,False,False,"Medium-Dark Roast, Blend, Espresso",/products/triborough-blend,623e02668b1b81003eae8877,True,13.95,12,1.16
Caffe Vita,Novacella Decaf,Colombia,Medium-Dark Roast,12oz,$16.20,19,22,86.4,True,False,True,True,"Medium-Dark Roast, Colombia, Decaf, Direct Trade, Available Ground, Single Origin",/products/novacella-decaf,5903a648c4916c1100c7461a,True,16.2,12,1.35
Caffe Vita,Novacella Decaf,Colombia,Medium-Dark Roast,80oz,$85.50,19,22,86.4,True,False,True,True,"Medium-Dark Roast, Colombia, Decaf, Direct Trade, Available Ground, Single Origin",/products/novacella-decaf,5903a648c4916c1100c7461a,True,85.5,80,1.07
Blossom Coffee Roasters,Decaf Ethiopia,Ethiopia,Medium Roast,12oz,$19.35,19,22,86.4,True,False,True,True,"Medium Roast, Ethiopia, Decaf, Organic, Available Ground, Single Origin",/products/decaf-ethiopia,5f1fcea49628d40004718e61,True,19.35,12,1.61
Blossom Coffee Roasters,Decaf Ethiopia,Ethiopia,Medium Roast,32oz,$43.20,19,22,86.4,True,False,True,True,"Medium Roast, Ethiopia, Decaf, Organic, Available Ground, Single Origin",/products/decaf-ethiopia,5f1fcea49628d40004718e61,True,43.2,32,1.35
Blossom Coffee Roasters,Decaf Ethiopia,Ethiopia,Medium Roast,80oz,$94.50,19,22,86.4,True,False,True,True,"Medium Roast, Ethiopia, Decaf, Organic, Available Ground, Single Origin",/products/decaf-ethiopia,5f1fcea49628d40004718e61,True,94.5,80,1.18
Victrola,Streamline Espresso Blend,Unspecified,Medium Roast,12oz,$13.46,17,26,65.4,False,True,False,False,"Medium Roast, Blend, Espresso",/products/streamline-espresso-blend,623dff4b94520f003cddb034,True,13.46,12,1.12
Camber Coffee,Goodnight Moon Decaf,Unspecified,Medium Roast,12oz,$17.10,16,27,59.3,True,False,True,True,"Medium Roast, Rotating, Decaf, Direct Trade, Available Ground, Single Origin",/products/goodnight-moon-decaf,5e13a054476ef30004a41e10,True,17.1,12,1.43
Camber Coffee,Goodnight Moon Decaf,Unspecified,Medium Roast,32oz,$31.50,16,27,59.3,True,False,True,True,"Medium Roast, Rotating, Decaf, Direct Trade, Available Ground, Single Origin",/products/goodnight-moon-decaf,5e13a054476ef30004a41e10,True,31.5,32,0.98
Camber Coffee,Goodnight Moon Decaf,Unspecified,Medium Roast,80oz,$76.50,16,27,59.3,True,False,True,True,"Medium Roast, Rotating, Decaf, Direct Trade, Available Ground, Single Origin",/products/goodnight-moon-decaf,5e13a054476ef30004a41e10,True,76.5,80,0.96
Tonys Coffee,Mexico Chiapas,Mexico,Medium Roast,12oz,$16.20,15,23,65.2,False,False,True,True,"Medium Roast, Mexico, Fair Trade, Organic, Available Ground, Kosher, Single Origin",/products/mexico-chiapas-2,60bab0b58a92ab0004e279b3,True,16.2,12,1.35
Tonys Coffee,Mexico Chiapas,Mexico,Medium Roast,80oz,$74.70,15,23,65.2,False,False,True,True,"Medium Roast, Mexico, Fair Trade, Organic, Available Ground, Kosher, Single Origin",/products/mexico-chiapas-2,60bab0b58a92ab0004e279b3,True,74.7,80,0.93
Victrola,Empire Blend,Unspecified,Medium Roast,12oz,$13.46,15,24,62.5,False,True,False,False,"Medium Roast, Blend",/products/empire-blend,623e019f94520f003cddb231,True,13.46,12,1.12
Kuma Coffee Roasters,Bright Blend,Unspecified,Light-Medium Roast,12oz,$20.86,15,19,78.9,False,True,False,False,"Light-Medium Roast, Blend",/products/bright-blend,625e4927abf21300353c7107,True,20.86,12,1.74
Seven Coffee Roasters,Pano Hawaiian Blend,Unspecified,Dark Roast,12oz,$17.98,14,20,70.0,False,True,False,True,"Dark  Roast, Blend, Available Ground",/products/copy-of-pano-hawaiian-blend,620c3ed4f9fd8b0004bff2ca,True,17.98,12,1.5
Kuma Coffee Roasters,Sun Bear,Unspecified,Light-Medium Roast,12oz,$20.86,14,20,70.0,False,True,False,False,"Light-Medium Roast, Blend",/products/sun-bear,625e4927abf21300353c7113,True,20.86,12,1.74
Caffe Vita,Organic Sumatra Gayo River,Unspecified,Medium-Dark Roast,12oz,$16.20,13,29,44.8,False,False,True,True,"Medium-Dark Roast, Sumatra, Organic, Available Ground, Single Origin",/products/organic-sumatra-gayo-river,588ff273e4fcc61100cb9879,True,16.2,12,1.35
Caffe Vita,Organic Sumatra Gayo River,Unspecified,Medium-Dark Roast,80oz,$85.50,13,29,44.8,False,False,True,True,"Medium-Dark Roast, Sumatra, Organic, Available Ground, Single Origin",/products/organic-sumatra-gayo-river,588ff273e4fcc61100cb9879,True,85.5,80,1.07
Tonys Coffee,Pacific Decaf,Unspecified,Dark Roast,12oz,$14.39,13,21,61.9,True,True,False,True,"Dark  Roast, Blend, Decaf, Fair Trade, Organic, Available Ground",/products/pacific-decaf,5d72b0f8f5153900162a1149,True,14.39,12,1.2
Tonys Coffee,Pacific Decaf,Unspecified,Dark Roast,80oz,$67.50,13,21,61.9,True,True,False,True,"Dark  Roast, Blend, Decaf, Fair Trade, Organic, Available Ground",/products/pacific-decaf,5d72b0f8f5153900162a1149,True,67.5,80,0.84
Seven Coffee Roasters,Roasters Choice,Unspecified,Dark Roast,12oz,$14.37,13,25,52.0,False,True,False,True,"Dark  Roast, Blend, Espresso, Available Ground",/products/roasters-choice,5a38d24437f8480014da7eef,True,14.37,12,1.2
Stamp Act Coffee,"Santiago Atitlan - Oaxaca, Mexico",Mexico,Light-Medium Roast,12oz,$19.80,13,16,81.2,False,False,True,False,"Light-Medium Roast, Mexico, Single Origin",/products/santiago-atitlan--oaxaca-mexico,65e65eeb9505f80002358e5c,True,19.8,12,1.65
Stamp Act Coffee,"Santiago Atitlan - Oaxaca, Mexico",Mexico,Light-Medium Roast,32oz,$44.55,13,16,81.2,False,False,True,False,"Light-Medium Roast, Mexico, Single Origin",/products/santiago-atitlan--oaxaca-mexico,65e65eeb9505f80002358e5c,True,44.55,32,1.39
Stamp Act Coffee,"Santiago Atitlan - Oaxaca, Mexico",Mexico,Light-Medium Roast,80oz,$121.50,13,16,81.2,False,False,True,False,"Light-Medium Roast, Mexico, Single Origin",/products/santiago-atitlan--oaxaca-mexico,65e65eeb9505f80002358e5c,True,121.5,80,1.52
Victrola Coffee Roasters,Big Band Blend,Unspecified,Dark Roast,12oz,$13.46,12,18,66.7,False,True,False,False,"Dark  Roast, Blend",/products/big-band-blend,63055d105c5eac000440d1f6,True,13.46,12,1.12
Seven Coffee Roasters,Diner Blend,Unspecified,Medium Roast,12oz,$15.27,11,19,57.9,False,True,False,True,"Medium Roast, Blend, Available Ground",/products/diner-blend,60247dea1c699d0004be8782,True,15.27,12,1.27
Olympia Coffee Roasting Co.,Decaf Asterisk,Colombia,Unspecified,12oz,$19.80,10,12,83.3,True,False,True,False,"Rotating Roast, Colombia, Decaf, Fair Trade, Single Origin",/products/decaf-asterisk,5a38d4cd37f8480014da7f01,True,19.8,12,1.65
Olympia Coffee Roasting Co.,Decaf Asterisk,Colombia,Unspecified,32oz,$50.49,10,12,83.3,True,False,True,False,"Rotating Roast, Colombia, Decaf, Fair Trade, Single Origin",/products/decaf-asterisk,5a38d4cd37f8480014da7f01,True,50.49,32,1.58
Olympia Coffee Roasting Co.,Decaf Asterisk,Colombia,Unspecified,80oz,$120.02,10,12,83.3,True,False,True,False,"Rotating Roast, Colombia, Decaf, Fair Trade, Single Origin",/products/decaf-asterisk,5a38d4cd37f8480014da7f01,True,120.02,80,1.5
Stamp Act Coffee,"Kayon Mountain, Guji Ethiopia - Natural",Ethiopia,Light Roast,12oz,$19.35,10,10,100.0,False,False,True,False,"Light Roast, Ethiopia, Organic, Single Origin",/products/kayon-mountain-guji-ethiopia--natural,65e75c0dea092f0002013934,True,19.35,12,1.61
Stamp Act Coffee,"Kayon Mountain, Guji Ethiopia - Natural",Ethiopia,Light Roast,32oz,$44.10,10,10,100.0,False,False,True,False,"Light Roast, Ethiopia, Organic, Single Origin",/products/kayon-mountain-guji-ethiopia--natural,65e75c0dea092f0002013934,True,44.1,32,1.38
Stamp Act Coffee,"Kayon Mountain, Guji Ethiopia - Natural",Ethiopia,Light Roast,80oz,$111.60,10,10,100.0,False,False,True,False,"Light Roast, Ethiopia, Organic, Single Origin",/products/kayon-mountain-guji-ethiopia--natural,65e75c0dea092f0002013934,True,111.6,80,1.4
Caffe Vita,Organic Decaf,Unspecified,Medium-Dark Roast,12oz,$17.10,7,10,70.0,True,False,True,True,"Medium-Dark Roast, Rotating, Decaf, Organic, Available Ground, Single Origin",/products/organic-decaf,5bcfe611a78a6085149c07d3,True,17.1,12,1.43
Caffe Vita,Organic Decaf,Unspecified,Medium-Dark Roast,80oz,$90.00,7,10,70.0,True,False,True,True,"Medium-Dark Roast, Rotating, Decaf, Organic, Available Ground, Single Origin",/products/organic-decaf,5bcfe611a78a6085149c07d3,True,90.0,80,1.12
Anchorhead Coffee,Decaf Colombia Excelso,Colombia,Medium Roast,10oz,$13.50,7,8,87.5,True,False,True,False,"Medium Roast, Colombia, Decaf, Direct Trade, Single Origin",/products/decaf-colombia-excelso,5d32597b26d1e20016dd908c,True,13.5,10,1.35
Anchorhead Coffee,Decaf Colombia Excelso,Colombia,Medium Roast,32oz,$36.00,7,8,87.5,True,False,True,False,"Medium Roast, Colombia, Decaf, Direct Trade, Single Origin",/products/decaf-colombia-excelso,5d32597b26d1e20016dd908c,True,36.0,32,1.12
Seven Coffee Roasters,Decaf Brazil Cerrado,Unspecified,Medium Roast,12oz,$15.27,7,12,58.3,True,True,False,True,"Medium Roast, Blend, Decaf, Available Ground",/products/decaf-brazil-cerrado,58ddcd0493e0211100817d4c,True,15.27,12,1.27
Blossom Coffee Roasters,Dilworth Decaf,Unspecified,Medium-Dark Roast,12oz,$16.65,6,11,54.5,True,True,False,True,"Medium-Dark Roast, Blend, Decaf, Fair Trade, Organic, Available Ground",/products/dilworth-decaf,5f1fcea49628d40004718e6b,True,16.65,12,1.39
Blossom Coffee Roasters,Dilworth Decaf,Unspecified,Medium-Dark Roast,32oz,$39.15,6,11,54.5,True,True,False,True,"Medium-Dark Roast, Blend, Decaf, Fair Trade, Organic, Available Ground",/products/dilworth-decaf,5f1fcea49628d40004718e6b,True,39.15,32,1.22
Blossom Coffee Roasters,Dilworth Decaf,Unspecified,Medium-Dark Roast,80oz,$81.00,6,11,54.5,True,True,False,True,"Medium-Dark Roast, Blend, Decaf, Fair Trade, Organic, Available Ground",/products/dilworth-decaf,5f1fcea49628d40004718e6b,True,81.0,80,1.01
Caffe Vita,Nor'Wester,Unspecified,Light-Medium Roast,12oz,$17.10,6,11,54.5,False,True,False,True,"Light-Medium Roast, Blend, Available Ground, Kosher",/products/norwester,618b0c61fccf61000486e62a,True,17.1,12,1.43
Caffe Vita,Nor'Wester,Unspecified,Light-Medium Roast,80oz,$90.00,6,11,54.5,False,True,False,True,"Light-Medium Roast, Blend, Available Ground, Kosher",/products/norwester,618b0c61fccf61000486e62a,True,90.0,80,1.12
Stamp Act Coffee,"Mafafas - Veracruz, Mexico",Mexico,Light-Medium Roast,12oz,$18.00,6,8,75.0,False,False,True,False,"Light-Medium Roast, Mexico, Single Origin",/products/mafafas--veracruz-mexico,68faa38221c66f042e3d9ecd,True,18.0,12,1.5
Stamp Act Coffee,"Mafafas - Veracruz, Mexico",Mexico,Light-Medium Roast,32oz,$43.88,6,8,75.0,False,False,True,False,"Light-Medium Roast, Mexico, Single Origin",/products/mafafas--veracruz-mexico,68faa38221c66f042e3d9ecd,True,43.88,32,1.37
Stamp Act Coffee,"Mafafas - Veracruz, Mexico",Mexico,Light-Medium Roast,80oz,$106.88,6,8,75.0,False,False,True,False,"Light-Medium Roast, Mexico, Single Origin",/products/mafafas--veracruz-mexico,68faa38221c66f042e3d9ecd,True,106.88,80,1.34
Olympia Coffee Roasting Co,Northwesterly Blend,Unspecified,Medium-Dark Roast,12oz,$18.00,5,8,62.5,False,True,False,False,"Medium-Dark Roast, Blend",/products/undefined,677c8963c7f9fd0031f7cbfb,True,18.0,12,1.5
Olympia Coffee Roasting Co,Northwesterly Blend,Unspecified,Medium-Dark Roast,32oz,$43.99,5,8,62.5,False,True,False,False,"Medium-Dark Roast, Blend",/products/undefined,677c8963c7f9fd0031f7cbfb,True,43.99,32,1.37
Olympia Coffee Roasting Co,Northwesterly Blend,Unspecified,Medium-Dark Roast,80oz,$94.14,5,8,62.5,False,True,False,False,"Medium-Dark Roast, Blend",/products/undefined,677c8963c7f9fd0031f7cbfb,True,94.14,80,1.18
Victrola Coffee Roasters,Peru Chirinos,Peru,Light Roast,12oz,$21.60,4,4,100.0,False,False,True,False,"Light Roast, Peru, Single Origin",/products/vietnam-dung-kno-anaerobic,67c1eacbb7c171000280a4dc,True,21.6,12,1.8
Victrola Coffee Roasters,Deco Decaf Blend,Unspecified,Medium-Dark Roast,12oz,$14.36,3,4,75.0,True,True,False,False,"Medium-Dark Roast, Blend, Decaf, Organic",/products/deco-decaf,623e03422bc078003ef0f9b9,True,14.36,12,1.2
Camber Coffee,Struttura,Unspecified,Medium Roast,12oz,$21.60,3,4,75.0,False,True,False,True,"Medium Roast, Blend, Espresso, Available Ground",/products/struttura,650de2a708f8ea0002e544af,True,21.6,12,1.8
Camber Coffee,Struttura,Unspecified,Medium Roast,32oz,$50.40,3,4,75.0,False,True,False,True,"Medium Roast, Blend, Espresso, Available Ground",/products/struttura,650de2a708f8ea0002e544af,True,50.4,32,1.57
Camber Coffee,Struttura,Unspecified,Medium Roast,80oz,$112.50,3,4,75.0,False,True,False,True,"Medium Roast, Blend, Espresso, Available Ground",/products/struttura,650de2a708f8ea0002e544af,True,112.5,80,1.41
Stamp Act Coffee,"Diego Ramirez - Huehuetenango, Guatemala",Guatemala,Light-Medium Roast,12oz,$21.60,3,4,75.0,False,False,True,False,"Light-Medium Roast, Guatemala, Single Origin",/products/diego-ramirez--huehuetenango-guatemala,65440c4053c025000214d5a4,True,21.6,12,1.8
Stamp Act Coffee,"Diego Ramirez - Huehuetenango, Guatemala",Guatemala,Light-Medium Roast,32oz,$51.84,3,4,75.0,False,False,True,False,"Light-Medium Roast, Guatemala, Single Origin",/products/diego-ramirez--huehuetenango-guatemala,65440c4053c025000214d5a4,True,51.84,32,1.62
Stamp Act Coffee,"Diego Ramirez - Huehuetenango, Guatemala",Guatemala,Light-Medium Roast,80oz,$129.60,3,4,75.0,False,False,True,False,"Light-Medium Roast, Guatemala, Single Origin",/products/diego-ramirez--huehuetenango-guatemala,65440c4053c025000214d5a4,True,129.6,80,1.62
Tonys Coffee,Half Calf,Unspecified,Medium Roast,12oz,$17.10,2,4,50.0,True,True,False,True,"Medium Roast, Blend, Organic, Half Decaf - Half Regular, Available Ground",/products/half-calf,5f80ddb98557150004dd95ea,True,17.1,12,1.43
Tonys Coffee,Half Calf,Unspecified,Medium Roast,80oz,$63.00,2,4,50.0,True,True,False,True,"Medium Roast, Blend, Organic, Half Decaf - Half Regular, Available Ground",/products/half-calf,5f80ddb98557150004dd95ea,True,63.0,80,0.79
Tonys Coffee,Small Farms,Unspecified,Light-Medium Roast,12oz,$16.20,2,5,40.0,False,True,False,True,"Light-Medium Roast, Blend, Available Ground, Kosher",/products/small-farms,6137ef737ff5000004e86cff,True,16.2,12,1.35
Tonys Coffee,Small Farms,Unspecified,Light-Medium Roast,80oz,$76.50,2,5,40.0,False,True,False,True,"Light-Medium Roast, Blend, Available Ground, Kosher",/products/small-farms,6137ef737ff5000004e86cff,True,76.5,80,0.96
Blossom Coffee Roasters,Kenya - Gatugi AA - Washed,Kenya,Light Roast,12oz,$20.70,2,3,66.7,False,False,True,True,"Light Roast, Kenya, Available Ground, Single Origin",/products/kenya-othaya-kiruga-aa,6149136d89b65c0004ee2ea2,True,20.7,12,1.72
Blossom Coffee Roasters,Kenya - Gatugi AA - Washed,Kenya,Light Roast,32oz,$46.80,2,3,66.7,False,False,True,True,"Light Roast, Kenya, Available Ground, Single Origin",/products/kenya-othaya-kiruga-aa,6149136d89b65c0004ee2ea2,True,46.8,32,1.46
Blossom Coffee Roasters,Kenya - Gatugi AA - Washed,Kenya,Light Roast,80oz,$103.50,2,3,66.7,False,False,True,True,"Light Roast, Kenya, Available Ground, Single Origin",/products/kenya-othaya-kiruga-aa,6149136d89b65c0004ee2ea2,True,103.5,80,1.29
Stamp Act Coffee,"Kolla Bolcha - Agaro, Ethiopia",Ethiopia,Light Roast,12oz,$21.60,2,3,66.7,False,False,True,False,"Light Roast, Ethiopia, Single Origin",/products/kolla-bolcha--lot--agaro-ethiopia,64752f57f5afb00002f614ab,True,21.6,12,1.8
Stamp Act Coffee,"Kolla Bolcha - Agaro, Ethiopia",Ethiopia,Light Roast,32oz,$51.84,2,3,66.7,False,False,True,False,"Light Roast, Ethiopia, Single Origin",/products/kolla-bolcha--lot--agaro-ethiopia,64752f57f5afb00002f614ab,True,51.84,32,1.62
Stamp Act Coffee,"Kolla Bolcha - Agaro, Ethiopia",Ethiopia,Light Roast,80oz,$124.20,2,3,66.7,False,False,True,False,"Light Roast, Ethiopia, Single Origin",/products/kolla-bolcha--lot--agaro-ethiopia,64752f57f5afb00002f614ab,True,124.2,80,1.55
Stamp Act Coffee,Base Layers - A Winter Blend 2025/26,Unspecified,Light-Medium Roast,12oz,$21.15,2,2,100.0,False,True,False,False,"Light-Medium Roast, Blend",/products/base-layers--a-winter-blend-,654a956ee3eefd0002940038,True,21.15,12,1.76
Stamp Act Coffee,Base Layers - A Winter Blend 2025/26,Unspecified,Light-Medium Roast,32oz,$49.41,2,2,100.0,False,True,False,False,"Light-Medium Roast, Blend",/products/base-layers--a-winter-blend-,654a956ee3eefd0002940038,True,49.41,32,1.54
Stamp Act Coffee,Base Layers - A Winter Blend 2025/26,Unspecified,Light-Medium Roast,80oz,$121.95,2,2,100.0,False,True,False,False,"Light-Medium Roast, Blend",/products/base-layers--a-winter-blend-,654a956ee3eefd0002940038,True,121.95,80,1.52
Blossom Coffee Roasters,Guatemala - Antonio Martinez  - Washed,Guatemala,Light Roast,12oz,$20.70,2,2,100.0,False,False,True,True,"Light Roast, Guatemala, Available Ground, Single Origin",/products/guatemala--antonio-martinez---washed,68c496eae1663767d601d292,True,20.7,12,1.72
Blossom Coffee Roasters,Guatemala - Antonio Martinez  - Washed,Guatemala,Light Roast,16oz,$23.85,2,2,100.0,False,False,True,True,"Light Roast, Guatemala, Available Ground, Single Origin",/products/guatemala--antonio-martinez---washed,68c496eae1663767d601d292,True,23.85,16,1.49
Blossom Coffee Roasters,Guatemala - Antonio Martinez  - Washed,Guatemala,Light Roast,32oz,$45.00,2,2,100.0,False,False,True,True,"Light Roast, Guatemala, Available Ground, Single Origin",/products/guatemala--antonio-martinez---washed,68c496eae1663767d601d292,True,45.0,32,1.41
Blossom Coffee Roasters,Guatemala - Antonio Martinez  - Washed,Guatemala,Light Roast,80oz,$99.00,2,2,100.0,False,False,True,True,"Light Roast, Guatemala, Available Ground, Single Origin",/products/guatemala--antonio-martinez---washed,68c496eae1663767d601d292,True,99.0,80,1.24
Kuma Coffee Roasters,Momma Bear 50/50 Decaf-Regular Blend,Unspecified,Light-Medium Roast,12oz,$21.47,1,2,50.0,True,True,False,False,"Light-Medium Roast, Blend, Half Decaf - Half Regular",/products/momma-bear--decafregular-blend,625e4927abf21300353c710d,True,21.47,12,1.79
Olympia Coffee Roasting Co,Colombia Taita,Colombia,Light Roast,12oz,$23.40,1,1,100.0,False,False,True,False,"Light Roast, Colombia, Direct Trade, Fair Trade, Single Origin",/products/taita-reserva,654041d70ebefe0002806c4c,True,23.4,12,1.95
Olympia Coffee Roasting Co,Colombia Taita,Colombia,Light Roast,32oz,$57.35,1,1,100.0,False,False,True,False,"Light Roast, Colombia, Direct Trade, Fair Trade, Single Origin",/products/taita-reserva,654041d70ebefe0002806c4c,True,57.35,32,1.79
Olympia Coffee Roasting Co,Colombia Taita,Colombia,Light Roast,80oz,$132.12,1,1,100.0,False,False,True,False,"Light Roast, Colombia, Direct Trade, Fair Trade, Single Origin",/products/taita-reserva,654041d70ebefe0002806c4c,True,132.12,80,1.65
Tonys Coffee,Trail Breaker,Unspecified,Dark Roast,12oz,$20.11,1,1,100.0,False,True,False,True,"Dark  Roast, Blend, Available Ground",/products/trail-breaker,677718a3a16e2b0002f68e0d,True,20.11,12,1.68
Victrola Coffee Roasters,Mexico Teddy Kim,Mexico,Light Roast,12oz,$22.50,1,1,100.0,False,False,True,False,"Light Roast, Mexico, Single Origin",/products/ethiopia-shantawene-station,680a5156a0144d00029424fc,True,22.5,12,1.88
Camber Coffee,Colombia Aponte Village,Colombia,Light Roast,12oz,$22.50,1,1,100.0,False,False,True,True,"Light Roast, Colombia, Available Ground, Single Origin",/products/colombia-aponte-village-1,68c05b974fab19453d5dd113,True,22.5,12,1.88
Camber Coffee,Colombia Aponte Village,Colombia,Light Roast,32oz,$53.10,1,1,100.0,False,False,True,True,"Light Roast, Colombia, Available Ground, Single Origin",/products/colombia-aponte-village-1,68c05b974fab19453d5dd113,True,53.1,32,1.66
Camber Coffee,Colombia Aponte Village,Colombia,Light Roast,80oz,$117.00,1,1,100.0,False,False,True,True,"Light Roast, Colombia, Available Ground, Single Origin",/products/colombia-aponte-village-1,68c05b974fab19453d5dd113,True,117.0,80,1.46
Blossom Coffee Roasters,Ethiopia Uraga Suke - Natural,Ethiopia,Light-Medium Roast,12oz,$20.25,1,1,100.0,False,False,True,True,"Light-Medium Roast, Ethiopia, Available Ground, Single Origin",/products/ethiopia-uraga-suke--natural,69161b5d3a409da048b2f4cd,True,20.25,12,1.69
Blossom Coffee Roasters,Ethiopia Uraga Suke - Natural,Ethiopia,Light-Medium Roast,32oz,$45.00,1,1,100.0,False,False,True,True,"Light-Medium Roast, Ethiopia, Available Ground, Single Origin",/products/ethiopia-uraga-suke--natural,69161b5d3a409da048b2f4cd,True,45.0,32,1.41
Blossom Coffee Roasters,Ethiopia Uraga Suke - Natural,Ethiopia,Light-Medium Roast,80oz,$99.00,1,1,100.0,False,False,True,True,"Light-Medium Roast, Ethiopia, Available Ground, Single Origin",/products/ethiopia-uraga-suke--natural,69161b5d3a409da048b2f4cd,True,99.0,80,1.24
Caffe Vita,KEXP Blend,Unspecified,Medium Roast,12oz,$17.10,0,0,0.0,False,True,False,True,"Medium Roast, Blend, Available Ground",/products/undefined,6322551ab10b7f0045b05736,False,17.1,12,1.43
Caffe Vita,KEXP Blend,Unspecified,Medium Roast,80oz,$90.00,0,0,0.0,False,True,False,True,"Medium Roast, Blend, Available Ground",/products/undefined,6322551ab10b7f0045b05736,False,90.0,80,1.12
Anchorhead Coffee,Megalodon Blend,Unspecified,Medium-Dark Roast,10oz,$18.90,0,0,0.0,False,True,False,False,"Medium-Dark Roast, Blend",/products/megalodon-blend,6570c2bdd1bf200002e4c22d,False,18.9,10,1.89
Anchorhead Coffee,Megalodon Blend,Unspecified,Medium-Dark Roast,32oz,$51.08,0,0,0.0,False,True,False,False,"Medium-Dark Roast, Blend",/products/megalodon-blend,6570c2bdd1bf200002e4c22d,False,51.08,32,1.6
Olympia Coffee Roasting Co,Colombia Clinton Ossa Micro Lot,Colombia,Light Roast,12oz,$26.55,0,0,0.0,False,False,True,False,"Light Roast, Colombia, Fair Trade, Direct Trade, Single Origin",/products/clinton-ossa-arusi-heirloom-ethiopia,6580db232e24280002d46bff,False,26.55,12,2.21
Olympia Coffee Roasting Co,Colombia Clinton Ossa Micro Lot,Colombia,Light Roast,32oz,$66.26,0,0,0.0,False,False,True,False,"Light Roast, Colombia, Fair Trade, Direct Trade, Single Origin",/products/clinton-ossa-arusi-heirloom-ethiopia,6580db232e24280002d46bff,False,66.26,32,2.07
Olympia Coffee Roasting Co,Colombia Clinton Ossa Micro Lot,Colombia,Light Roast,80oz,$154.40,0,0,0.0,False,False,True,False,"Light Roast, Colombia, Fair Trade, Direct Trade, Single Origin",/products/clinton-ossa-arusi-heirloom-ethiopia,6580db232e24280002d46bff,False,154.4,80,1.93
Victrola Coffee Roasters,Colombia Jose Gomez,Colombia,Light Roast,12oz,$21.60,0,0,0.0,False,False,True,False,"Light Roast, Colombia, Single Origin",/products/colombia-buenos-aries-natural,65eb5f39a2cdb70002e7356a,False,21.6,12,1.8
Victrola Coffee Roasters,Paramount Blend,Unspecified,Dark Roast,12oz,$16.20,0,0,0.0,False,True,False,False,"Dark  Roast, Blend",/products/paramount-blend,660dd07309c4e500029a1ec7,False,16.2,12,1.35
Victrola Coffee Roasters,Space Blend,Unspecified,Medium Roast,12oz,$17.10,0,0,0.0,False,True,False,False,"Medium Roast, Blend",/products/space-blend,66313edea4e4df0002c18714,False,17.1,12,1.43
Olympia Coffee Roasting Co,Ethiopia Buncho Honey,Ethiopia,Light Roast,12oz,$23.40,0,0,0.0,False,False,True,False,"Light Roast, Ethiopia, Fair Trade, Direct Trade, Single Origin",/products/buncho-honey,6720078461662f0002506882,False,23.4,12,1.95
Olympia Coffee Roasting Co,Ethiopia Buncho Honey,Ethiopia,Light Roast,32oz,$60.75,0,0,0.0,False,False,True,False,"Light Roast, Ethiopia, Fair Trade, Direct Trade, Single Origin",/products/buncho-honey,6720078461662f0002506882,False,60.75,32,1.9
Olympia Coffee Roasting Co,Ethiopia Buncho Honey,Ethiopia,Light Roast,80oz,$124.88,0,0,0.0,False,False,True,False,"Light Roast, Ethiopia, Fair Trade, Direct Trade, Single Origin",/products/buncho-honey,6720078461662f0002506882,False,124.88,80,1.56
Ladro Roasting,Ladro Blend,Unspecified,Medium Roast,12oz,$20.98,0,0,0.0,False,True,False,True,"Medium Roast, Blend, Available Ground",/products/ladro-blend,675b8b002b9c3a002a460f25,False,20.98,12,1.75
Ladro Roasting,Ladro Blend,Unspecified,Medium Roast,80oz,$92.13,0,0,0.0,False,True,False,True,"Medium Roast, Blend, Available Ground",/products/ladro-blend,675b8b002b9c3a002a460f25,False,92.13,80,1.15
Olympia Coffee Roasting Co,Peru Espritu Wari Reserva,Peru,Light Roast,12oz,$21.60,0,0,0.0,False,False,True,False,"Light Roast, Peru, Direct Trade, Fair Trade, Single Origin",/products/undefined,679d3440e21ea70031fe4ac4,False,21.6,12,1.8
Olympia Coffee Roasting Co,Peru Espritu Wari Reserva,Peru,Light Roast,32oz,$52.92,0,0,0.0,False,False,True,False,"Light Roast, Peru, Direct Trade, Fair Trade, Single Origin",/products/undefined,679d3440e21ea70031fe4ac4,False,52.92,32,1.65
Olympia Coffee Roasting Co,Peru Espritu Wari Reserva,Peru,Light Roast,80oz,$121.05,0,0,0.0,False,False,True,False,"Light Roast, Peru, Direct Trade, Fair Trade, Single Origin",/products/undefined,679d3440e21ea70031fe4ac4,False,121.05,80,1.51
Tonys Coffee,Morning Tide,Unspecified,Light-Medium Roast,12oz,$21.02,0,0,0.0,False,True,False,True,"Light-Medium Roast, Blend, Organic, Available Ground",/products/morning-tide,679d29cb3ca58b0002f6ad82,False,21.02,12,1.75
Victrola Coffee Roasters,Nicaragua Luis Alberto,Nicaragua,Light Roast,12oz,$21.60,0,0,0.0,False,False,True,False,"Light Roast, Nicaragua, Single Origin",/products/nicaragua-luis-alberto-catimore,681a3148b248f300024c0e2f,False,21.6,12,1.8
Victrola Coffee Roasters,Guatemala Patzun Chimaltenango,Guatemala,Light Roast,12oz,$22.50,0,0,0.0,False,False,True,False,"Light Roast, Guatemala, Single Origin",/products/guatemala-fredy-morales-1,689f90f81028f0376c38baf2,False,22.5,12,1.88
Anchorhead Coffee,Peru Valle Sandia Reserve,Peru,Light-Medium Roast,10oz,$21.60,0,0,0.0,False,False,True,False,"Light-Medium Roast, Peru, Single Origin",/products/peru-valle-sandia-reserve,68b1e892d99e623d64d73e32,False,21.6,10,2.16
Anchorhead Coffee,Peru Valle Sandia Reserve,Peru,Light-Medium Roast,32oz,$58.50,0,0,0.0,False,False,True,False,"Light-Medium Roast, Peru, Single Origin",/products/peru-valle-sandia-reserve,68b1e892d99e623d64d73e32,False,58.5,32,1.83
Camber Coffee,Kenya Kii,Kenya,Light Roast,12oz,$23.40,0,0,0.0,False,False,True,True,"Light Roast, Kenya, Available Ground, Single Origin",/products/kenya-kii-1,68d6d2fc70d269f01cd1dfc7,False,23.4,12,1.95
Camber Coffee,Kenya Kii,Kenya,Light Roast,32oz,$55.80,0,0,0.0,False,False,True,True,"Light Roast, Kenya, Available Ground, Single Origin",/products/kenya-kii-1,68d6d2fc70d269f01cd1dfc7,False,55.8,32,1.74
Camber Coffee,Kenya Kii,Kenya,Light Roast,80oz,$123.30,0,0,0.0,False,False,True,True,"Light Roast, Kenya, Available Ground, Single Origin",/products/kenya-kii-1,68d6d2fc70d269f01cd1dfc7,False,123.3,80,1.54
Olympia Coffee Roasting Co,20th Anniversary Blend,Unspecified,Light Roast,12oz,$23.40,0,0,0.0,False,True,False,False,"Light Roast, Blend",/products/th-anniversary-blend,69126cce21b22a3bc9b52bf6,False,23.4,12,1.95
Olympia Coffee Roasting Co,20th Anniversary Blend,Unspecified,Light Roast,32oz,$57.73,0,0,0.0,False,True,False,False,"Light Roast, Blend",/products/th-anniversary-blend,69126cce21b22a3bc9b52bf6,False,57.73,32,1.8
Olympia Coffee Roasting Co,20th Anniversary Blend,Unspecified,Light Roast,80oz,$133.07,0,0,0.0,False,True,False,False,"Light Roast, Blend",/products/th-anniversary-blend,69126cce21b22a3bc9b52bf6,False,133.07,80,1.66
Kuma Coffee Roasters,Decaf Ethiopia Natural Suke Quto,Ethiopia,Medium Roast,12oz,$25.69,0,0,0.0,True,False,True,False,"Medium Roast, Ethiopia, Decaf, Single Origin",/products/decaf-ethiopia-natural-suke-quto-new,690d438109e33e832ec3da04,False,25.69,12,2.14
Victrola Coffee Roasters,Guatemala David Solano,Guatemala,Light Roast,12oz,$21.60,0,0,0.0,False,False,True,False,"Light Roast, Guatemala, Single Origin",/products/guatemala-david-solano,6929a998d23af104ce35a43b,False,21.6,12,1.8
Camber Coffee,Ethiopia Taaroo,Ethiopia,Light Roast,32oz,$66.60,0,0,0.0,False,False,True,True,"Light Roast, Ethiopia, Available Ground, Single Origin",/products/ethiopia-taaroo,693c806e3ef543005b1de642,False,66.6,32,2.08
Camber Coffee,Ethiopia Taaroo,Ethiopia,Light Roast,80oz,$142.20,0,0,0.0,False,False,True,True,"Light Roast, Ethiopia, Available Ground, Single Origin",/products/ethiopia-taaroo,693c806e3ef543005b1de642,False,142.2,80,1.78
Blossom Coffee Roasters,Colombia - Bourbon Sidra - Washed,Colombia,Light-Medium Roast,12oz,$21.60,0,0,0.0,False,False,True,True,"Light-Medium Roast, Colombia, Available Ground, Single Origin",/products/colombia--bourbon-sidra--washed,6942fc5dbba0724f14915211,False,21.6,12,1.8
Blossom Coffee Roasters,Colombia - Bourbon Sidra - Washed,Colombia,Light-Medium Roast,32oz,$46.80,0,0,0.0,False,False,True,True,"Light-Medium Roast, Colombia, Available Ground, Single Origin",/products/colombia--bourbon-sidra--washed,6942fc5dbba0724f14915211,False,46.8,32,1.46
Camber Coffee,Ethiopia Biloya,Ethiopia,Light Roast,12oz,$23.40,0,0,0.0,False,False,True,True,"Light Roast, Ethiopia, Available Ground, Single Origin",/products/ethiopia-biloya,6945bb1882434c819f6f57ad,False,23.4,12,1.95
Camber Coffee,Ethiopia Biloya,Ethiopia,Light Roast,32oz,$55.80,0,0,0.0,False,False,True,True,"Light Roast, Ethiopia, Available Ground, Single Origin",/products/ethiopia-biloya,6945bb1882434c819f6f57ad,False,55.8,32,1.74
Camber Coffee,Ethiopia Biloya,Ethiopia,Light Roast,80oz,$122.40,0,0,0.0,False,False,True,True,"Light Roast, Ethiopia, Available Ground, Single Origin",/products/ethiopia-biloya,6945bb1882434c819f6f57ad,False,122.4,80,1.53
Anchorhead Coffee,Colombia Cauca Cosurca,Colombia,Light-Medium Roast,10oz,$21.60,0,0,0.0,False,False,True,False,"Light-Medium Roast, Colombia, Single Origin",/products/colombia-cauca-cosurca,694f11976896d253dbc87d2d,False,21.6,10,2.16
Anchorhead Coffee,Colombia Cauca Cosurca,Colombia,Light-Medium Roast,32oz,$58.50,0,0,0.0,False,False,True,False,"Light-Medium Roast, Colombia, Single Origin",/products/colombia-cauca-cosurca,694f11976896d253dbc87d2d,False,58.5,32,1.83
Olympia Coffee Roasting Co,Ethiopia Kokose Natural,Ethiopia,Light Roast,12oz,$24.30,0,0,0.0,False,False,True,False,"Light Roast, Ethiopia, Single Origin",/products/ethiopia-kokose-natural,69681e02c904ddf9a37466cf,False,24.3,12,2.02
Olympia Coffee Roasting Co,Ethiopia Kokose Natural,Ethiopia,Light Roast,32oz,$59.89,0,0,0.0,False,False,True,False,"Light Roast, Ethiopia, Single Origin",/products/ethiopia-kokose-natural,69681e02c904ddf9a37466cf,False,59.89,32,1.87
Olympia Coffee Roasting Co,Ethiopia Kokose Natural,Ethiopia,Light Roast,80oz,$138.47,0,0,0.0,False,False,True,False,"Light Roast, Ethiopia, Single Origin",/products/ethiopia-kokose-natural,69681e02c904ddf9a37466cf,False,138.47,80,1.73
Olympia Coffee Roasting Co,Ethiopia Bochesa,Ethiopia,Light Roast,12oz,$24.75,0,0,0.0,False,False,True,False,"Light Roast, Ethiopia, Single Origin",/products/ethiopia-bochesa,6972aa058c8538e21694118b,False,24.75,12,2.06
Olympia Coffee Roasting Co,Ethiopia Bochesa,Ethiopia,Light Roast,32oz,$61.40,0,0,0.0,False,False,True,False,"Light Roast, Ethiopia, Single Origin",/products/ethiopia-bochesa,6972aa058c8538e21694118b,False,61.4,32,1.92
Olympia Coffee Roasting Co,Ethiopia Bochesa,Ethiopia,Light Roast,80oz,$142.25,0,0,0.0,False,False,True,False,"Light Roast, Ethiopia, Single Origin",/products/ethiopia-bochesa,6972aa058c8538e21694118b,False,142.25,80,1.78
Olympia Coffee Roasting Co,Kenya Boma AA Micro Lot 12,Kenya,Light Roast,12oz,$22.50,0,0,0.0,False,False,True,False,"Light Roast, Kenya, Single Origin",/products/kenya-boma-aa-micro-lot-,69794182527784ca2bafe7dc,False,22.5,12,1.88
Olympia Coffee Roasting Co,Kenya Boma AA Micro Lot 12,Kenya,Light Roast,32oz,$55.51,0,0,0.0,False,False,True,False,"Light Roast, Kenya, Single Origin",/products/kenya-boma-aa-micro-lot-,69794182527784ca2bafe7dc,False,55.51,32,1.73
Olympia Coffee Roasting Co,Kenya Boma AA Micro Lot 12,Kenya,Light Roast,80oz,$127.53,0,0,0.0,False,False,True,False,"Light Roast, Kenya, Single Origin",/products/kenya-boma-aa-micro-lot-,69794182527784ca2bafe7dc,False,127.53,80,1.59
